@string{JACM = "Journal of the {ACM}"}
@string{BBMS = "Bulletin of the Belgian Mathematical Society"}
@string{IPL= "Information Processing Letters"}
@string{ACMTCL = "{ACM} Transtations on Computational Logic"}
@string{JCSS = "Journal of Computer and System Science"}
@string{FMSD = "Formal Methods in System Design"}
@string{LMCS = "Logical Methods in Computer Science"}
@string{KBS = "Knowledge-Based Systems"}
@string{ACMTPLS = "ACM Transactions on Programming Languages and Systems"}
@string{TCS = "Theoretical Computer Scicence"}

@string{AAMAS02 = "Proceedings of the 1st International Joint Conference on Autonomous Agents and Multiagent Systems"}
@string{AAMAS03 = "Proceedings of the 2nd International Joint Conference on Autonomous Agents and Multiagent Systems"}
@string{AAMAS04 = "Proceedings of the 3rd International Joint Conference on Autonomous Agents and Multiagent Systems"}
@string{AAMAS05 = "Proceedings of the 4th International Joint Conference on Autonomous Agents and Multiagent Systems"}
@string{AAMAS06 = "Proceedings of the 5th International Joint Conference on Autonomous Agents and Multiagent Systems"}
@string{AAMAS07 = "Proceedings of the 6th International Joint Conference on Autonomous Agents and Multiagent Systems"}
@string{AAMAS08 = "Proceedings of the 7th International Joint Conference on Autonomous Agents and Multiagent Systems"}
@string{AAMAS09 = "Proceedings of the 8th International Joint Conference on Autonomous Agents and Multiagent Systems"}
@string{AAMAS10= "Proceedings of the 9th International Joint Conference on Autonomous Agents and Multiagent Systems"}
@string{AAMAS11 = "Proceedings of the 10th International Joint Conference on Autonomous Agents and Multiagent Systems"}
@string{AAMAS12 = "Proceedings of the 11th International Joint Conference on Autonomous Agents and Multiagent Systems"}
@string{AAMAS13 = "Proceedings of the 12th International Joint Conference on Autonomous Agents and Multiagent Systems"}
@string{AAMAS14 = "Proceedings of the 13th International Joint Conference on Autonomous Agents and Multiagent Systems"}
@string{AAMAS15 = "Proceedings of the 14th International Joint Conference on Autonomous Agents and Multiagent Systems"}


@string{CAV90 = "Proceedings of the 2nd International Conference on Computer Aided Verification"}
@string{CAV91 = "Proceedings of the 3rd International Conference on Computer Aided Verification"}
@string{CAV92 = "Proceedings of the 4th International Conference on Computer Aided Verification"}
@string{CAV93 = "Proceedings of the 5th International Conference on Computer Aided Verification"}
@string{CAV94 = "Proceedings of the 6th International Conference on Computer Aided Verification"}
@string{CAV95 = "Proceedings of the 7th International Conference on Computer Aided Verification"}
@string{CAV96 = "Proceedings of the 8th International Conference on Computer Aided Verification"}
@string{CAV97 = "Proceedings of the 9th International Conference on Computer Aided Verification"}
@string{CAV98 = "Proceedings of the 10th International Conference on Computer Aided Verification"}
@string{CAV99 = "Proceedings of the 11th International Conference on Computer Aided Verification"}
@string{CAV00 = "Proceedings of the 12th International Conference on Computer Aided Verification"}
@string{CAV01 = "Proceedings of the 13th International Conference on Computer Aided Verification"}
@string{CAV02 = "Proceedings of the 14th International Conference on Computer Aided Verification"}
@string{CAV03 = "Proceedings of the 15th International Conference on Computer Aided Verification"}
@string{CAV04 = "Proceedings of the 16th International Conference on Computer Aided Verification"}
@string{CAV05 = "Proceedings of the 17th International Conference on Computer Aided Verification"}
@string{CAV06 = "Proceedings of the 18th International Conference on Computer Aided Verification"}
@string{CAV07 = "Proceedings of the 19th International Conference on Computer Aided Verification"}
@string{CAV08 = "Proceedings of the 20th International Conference on Computer Aided Verification"}
@string{CAV09 = "Proceedings of the 21st International Conference on Computer Aided Verification"}
@string{CAV10 = "Proceedings of the 22nd International Conference on Computer Aided Verification"}
@string{CAV11 = "Proceedings of the 23rd International Conference on Computer Aided Verification"}
@string{CAV12 = "Proceedings of the 24th International Conference on Computer Aided Verification"}
@string{CAV13 = "Proceedings of the 25th International Conference on Computer Aided Verification"}
@string{CAV14 = "Proceedings of the 26th International Conference on Computer Aided Verification"}
@string{CAV15 = "Proceedings of the 27th International Conference on Computer Aided Verification"}
@string{CAV16 = "Proceedings of the 28th International Conference on Computer Aided Verification"}

@string{FOCS75 = "Proceedings of the 16th IEEE Symposium on Foundations of Computer Science"}
@string{FOCS76 = "Proceedings of the 17th IEEE Symposium on Foundations of Computer Science"}
@string{FOCS77 = "Proceedings of the 18th IEEE Symposium on Foundations of Computer Science"}
@string{FOCS78 = "Proceedings of the 19th IEEE Symposium on Foundations of Computer  Science"}
@string{FOCS79 = "Proceedings of the 20th IEEE Symposium on Foundations of Computer Science"}
@string{FOCS80 = "Proceedings of the 21st IEEE Symposium on Foundations of Computer Science"}
@string{FOCS81 = "Proceedings of the 22nd IEEE Symposium on Foundations of Computer Science"}
@string{FOCS82 = "Proceedings of the 23rd IEEE Symposium on Foundations of Computer Science"}
@string{FOCS83 = "Proceedings of the 24th IEEE Symposium on Foundations of Computer Science"}
@string{FOCS84 = "Proceedings of the 25th IEEE Symposium on Foundations of Computer Science"}
@string{FOCS85 = "Proceedings of the 26th IEEE Symposium on Foundations of Computer Science"}
@string{FOCS86 = "Proceedings of the 27th IEEE Symposium on Foundations of Computer Science"}
@string{FOCS87 = "Proceedings of the 28th IEEE Symposium on Foundations of Computer Science"}
@string{FOCS88 = "Proceedings of the 29th IEEE Symposium on Foundations of Computer Science"}
@string{FOCS89 = "Proceedings of the 30th IEEE Symposium on Foundations of Computer Science"}
@string{FOCS90 = "Proceedings of the 31st IEEE Symposium on Foundations of Computer Science"}
@string{FOCS91 = "Proceedings of the 32nd IEEE Symposium on Foundations of Computer Science"}
@string{FOCS92 = "Proceedings of the 33rd IEEE Symposium on Foundations of Computer Science"}
@string{FOCS93 = "Proceedings of the 34th IEEE Symposium on Foundations of Computer Science"}
@string{FOCS94 = "Proceedings of the 35th IEEE Symposium on Foundations of Computer Science"}
@string{FOCS95 = "Proceedings of the 36th IEEE Symposium on Foundations of Computer Science"}
@string{FOCS96 = "Proceedings of the 37th IEEE Symposium on Foundations of Computer Science"}
@string{FOCS97 = "Proceedings of the 38th IEEE Symposium on Foundations of Computer Science"}
@string{FOCS98 = "Proceedings of the 39th IEEE Symposium on Foundations of Computer Science"}
@string{FOCS99 = "Proceedings of the 40th IEEE Symposium on Foundations of Computer Science"}
@string{FOCS00 = "Proceedings of the 41st IEEE Symposium on Foundations of Computer Science"}
@string{FOCS01 = "Proceedings of the 42nd IEEE Symposium on Foundations of Computer Science"}
@string{FOCS02 = "Proceedings of the 43rd IEEE Symposium on Foundations of Computer Science"}
@string{FOCS03 = "Proceedings of the 44th IEEE Symposium on Foundations of Computer Science"}
@string{FOCS04 = "Proceedings of the 45th IEEE Symposium on Foundations of Computer Science"}
@string{FOCS05 = "Proceedings of the 46th IEEE Symposium on Foundations of Computer Science"}
@string{FOCS06 = "Proceedings of the 47th IEEE Symposium on Foundations of Computer Science"}
@string{FOCS07 = "Proceedings of the 48th IEEE Symposium on Foundations of Computer Science"}
@string{FOCS08 = "Proceedings of the 49th IEEE Symposium on Foundations of Computer Science"}
@string{FOCS09 = "Proceedings of the 50th IEEE Symposium on Foundations of Computer Science"}
@string{FOCS10 = "Proceedings of the 51st IEEE Symposium on Foundations of Computer Science"}
@string{FOCS11 = "Proceedings of the 52nd IEEE Symposium on Foundations of Computer Science"}
@string{FOCS12 = "Proceedings of the 53rd IEEE Symposium on Foundations of Computer Science"}
@string{FOCS13 = "Proceedings of the 54th IEEE Symposium on Foundations of Computer Science"}
@string{FOCS14 = "Proceedings of the 55th IEEE Symposium on Foundations of Computer Science"}
@string{FOCS15 = "Proceedings of the 56th IEEE Symposium on Foundations of Computer Science"}
@string{FOCS16 = "Proceedings of the 57th IEEE Symposium on Foundations of Computer Science"}



@string{FOSSACS98 = "Proceedings of the 1st International Conference on Foundations of Software Science and Computational Structures"}
@string{FOSSACS99 = "Proceedings of the 2nd International Conference on Foundations of Software Science and Computational Structures"}
@string{FOSSACS00 = "Proceedings of the 3rd International Conference on Foundations of Software Science and Computational Structures"}
@string{FOSSACS01 = "Proceedings of the 4th International Conference on Foundations of Software Science and Computational Structures"}
@string{FOSSACS02 = "Proceedings of the 5th International Conference on Foundations of Software Science and Computational Structures"}
@string{FOSSACS03 = "Proceedings of the 6th International Conference on Foundations of Software Science and Computational Structures"}
@string{FOSSACS04 = "Proceedings of the 7th International Conference on Foundations of Software Science and Computational Structures"}
@string{FOSSACS05 = "Proceedings of the 8th International Conference on Foundations of Software Science and Computational Structures"}
@string{FOSSACS06 = "Proceedings of the 9th International Conference on Foundations of Software Science and Computational Structures"}

@string{FOSSACS07 = "Proceedings of the 10th International Conference on Foundations of Software Science and Computational Structures"}
@string{FOSSACS08 = "Proceedings of the 11th International Conference on Foundations of Software Science and Computational Structures"}
@string{FOSSACS09 = "Proceedings of the 12th International Conference on Foundations of Software Science and Computational Structures"}
@string{FOSSACS10 = "Proceedings of the 13th International Conference on Foundations of Software Science and Computational Structures"}
@string{FOSSACS11 = "Proceedings of the 14th International Conference on Foundations of Software Science and Computational Structures"}
@string{FOSSACS12 = "Proceedings of the 15th International Conference on Foundations of Software Science and Computational Structures"}
@string{FOSSACS13 = "Proceedings of the 16th International Conference on Foundations of Software Science and Computational Structures"}
@string{FOSSACS14 = "Proceedings of the 17th International Conference on Foundations of Software Science and Computational Structures"}
@string{FOSSACS15 = "Proceedings of the 18th International Conference on Foundations of Software Science and Computational Structures"}
@string{FOSSACS16 = "Proceedings of the 19th International Conference on Foundations of Software Science and Computational Structures"}


@string{TACAS95 = "Proceedings of the 1st International Conference on Tools and Algorithms for the Construction and Analysis of Systems"}
@string{TACAS96 = "Proceedings of the 2nd International Conference on Tools and Algorithms for the Construction and Analysis of Systems"}
@string{TACAS97 = "Proceedings of the 3rd International Conference on Tools and Algorithms for the Construction and Analysis of Systems"}
@string{TACAS98 = "Proceedings of the 4th International Conference on Tools and Algorithms for the Construction and Analysis of Systems"}
@string{TACAS99 = "Proceedings of the 5th International Conference on Tools and Algorithms for the Construction and Analysis of Systems"}
@string{TACAS00 = "Proceedings of the 6th International Conference on Tools and Algorithms for the Construction and Analysis of Systems"}
@string{TACAS01 = "Proceedings of the 7th International Conference on Tools and Algorithms for the Construction and Analysis of Systems"}
@string{TACAS02 = "Proceedings of the 8th International Conference on Tools and Algorithms for the Construction and Analysis of Systems"}
@string{TACAS03 = "Proceedings of the 9th International Conference on Tools and Algorithms for the Construction and Analysis of Systems"}
@string{TACAS04 = "Proceedings of the 10th International Conference on Tools and Algorithms for the Construction and Analysis of Systems"}
@string{TACAS05 = "Proceedings of the 11th International Conference on Tools and Algorithms for the Construction and Analysis of Systems"}
@string{TACAS06 = "Proceedings of the 12th International Conference on Tools and Algorithms for the Construction and Analysis of Systems"}
@string{TACAS07 = "Proceedings of the 13th International Conference on Tools and Algorithms for the Construction and Analysis of Systems"}
@string{TACAS08 = "Proceedings of the 14th International Conference on Tools and Algorithms for the Construction and Analysis of Systems"}
@string{TACAS09 = "Proceedings of the 15th International Conference on Tools and Algorithms for the Construction and Analysis of Systems"}
@string{TACAS10 = "Proceedings of the 16th International Conference on Tools and Algorithms for the Construction and Analysis of Systems"}
@string{TACAS11 = "Proceedings of the 17th International Conference on Tools and Algorithms for the Construction and Analysis of Systems"}
@string{TACAS12 = "Proceedings of the 18th International Conference on Tools and Algorithms for the Construction and Analysis of Systems"}
@string{TACAS13 = "Proceedings of the 19th International Conference on Tools and Algorithms for the Construction and Analysis of Systems"}
@string{TACAS14 = "Proceedings of the 20th International Conference on Tools and Algorithms for the Construction and Analysis of Systems"}
@string{TACAS15 = "Proceedings of the 21st International Conference on Tools and Algorithms for the Construction and Analysis of Systems"}
@string{TACAS16 = "Proceedings of the 22nd International Conference on Tools and Algorithms for the Construction and Analysis of Systems"}


@string{FSKD02 = "Proceedings of the 1st International Conference on Fuzzy Systems and Knowledge Discovery"}
@string{FSKD05 = "Proceedings of the 2nd International Conference on Fuzzy Systems and Knowledge Discovery"}
@string{FSKD06 = "Proceedings of the 3rd International Conference on Fuzzy Systems and Knowledge Discovery"}
@string{FSKD07 = "Proceedings of the 4th International Conference on Fuzzy Systems and Knowledge Discovery"}
@string{FSKD08 = "Proceedings of the 5th International Conference on Fuzzy Systems and Knowledge Discovery"}
@string{FSKD09 = "Proceedings of the 6th International Conference on Fuzzy Systems and Knowledge Discovery"}
@string{FSKD10 = "Proceedings of the 7th International Conference on Fuzzy Systems and Knowledge Discovery"}
@string{FSKD11 = "Proceedings of the 8th International Conference on Fuzzy Systems and Knowledge Discovery"}
@string{FSKD12 = "Proceedings of the 9th International Conference on Fuzzy Systems and Knowledge Discovery"}
@string{FSKD13 = "Proceedings of the 10th International Conference on Fuzzy Systems and Knowledge Discovery"}
@string{FSKD14 = "Proceedings of the 11th International Conference on Fuzzy Systems and Knowledge Discovery"}
@string{FSKD15 = "Proceedings of the 12th International Conference on Fuzzy Systems and Knowledge Discovery"}



@string{LICS86 = "Proceedings of the 1st IEEE Symposium on Logic in Computer Science"}
@string{LICS87 = "Proceedings of the 2nd IEEE Symposium on Logic in Computer Science"}
@string{LICS88 = "Proceedings of the 3rd IEEE Symposium on Logic in Computer Science"}
@string{LICS89 = "Proceedings of the 4th IEEE Symposium on Logic in Computer Science"}
@string{LICS90 = "Proceedings of the 5th IEEE Symposium on Logic in Computer Science"}
@string{LICS91 = "Proceedings of the 6th IEEE Symposium on Logic in Computer Science"}
@string{LICS92 = "Proceedings of the 7th IEEE Symposium on Logic in Computer Science"}
@string{LICS93 = "Proceedings of the 8th IEEE Symposium on Logic in Computer Science"}
@string{LICS94 = "Proceedings of the 9th IEEE Symposium on Logic in Computer Science"}
@string{LICS95 = "Proceedings of the 10th IEEE Symposium on Logic in Computer Science"}
@string{LICS96 = "Proceedings of the 11th IEEE Symposium on Logic in Computer Science"}
@string{LICS97 = "Proceedings of the 12th IEEE Symposium on Logic in Computer Science"}
@string{LICS98 = "Proceedings of the 13th IEEE Symposium on Logic in Computer Science"}
@string{LICS99 = "Proceedings of the 14th IEEE Symposium on Logic in Computer Science"}
@string{LICS00 = "Proceedings of the 15th IEEE Symposium on Logic in Computer Science"}
@string{LICS01 = "Proceedings of the 16th IEEE Symposium on Logic in Computer Science"}
@string{LICS02 = "Proceedings of the 17th IEEE Symposium on Logic in Computer Science"}
@string{LICS03 = "Proceedings of the 18th IEEE Symposium on Logic in Computer Science"}
@string{LICS04 = "Proceedings of the 19th IEEE Symposium on Logic in Computer Science"}
@string{LICS05 = "Proceedings of the 20th IEEE Symposium on Logic in Computer Science"}
@string{LICS06 = "Proceedings of the 21st IEEE Symposium on Logic in Computer Science"}
@string{LICS07 = "Proceedings of the 22nd IEEE Symposium on Logic in Computer Science"}
@string{LICS08 = "Proceedings of the 23rd IEEE Symposium on Logic in Computer Science"}
@string{LICS09 = "Proceedings of the 24th IEEE Symposium on Logic in Computer Science"}
@string{LICS10 = "Proceedings of the 25th IEEE Symposium on Logic in Computer Science"}
@string{LICS11 = "Proceedings of the 26th IEEE Symposium on Logic in Computer Science"}
@string{LICS12 = "Proceedings of the 27th IEEE Symposium on Logic in Computer Science"}
@string{LICS13 = "Proceedings of the 28th IEEE Symposium on Logic in Computer Science"}
@string{LICS-CSL14 = "Joint Meeting of the 23rd EACSL Annual Conference on Computer Science Logic and the 29t Annual ACM/IEEE Symposium on Logic in Computer Science"}
@string{LICS15 = "Proceedings of the 30th IEEE Symposium on Logic in Computer Science"}
@string{LICS16 = "Proceedings of the 31st IEEE Symposium on Logic in Computer Science"}


@string{ICALP72 = "Proceedings of the 1st International Colloquium  on Automata, Languages, and Programming"}
@string{ICALP74 = "Proceedings of the 2nd International Colloquium  on Automata, Languages, and Programming"}
@string{ICALP76 = "Proceedings of the 3rd International Colloquium  on Automata, Languages, and Programming"}
@string{ICALP77 = "Proceedings of the 4th International Colloquium  on Automata, Languages, and Programming"}
@string{ICALP79 = "Proceedings of the 6th International Colloquium  on Automata, Languages, and Programming"}
@string{ICALP80 = "Proceedings of the 7th International Colloquium  on Automata, Languages, and Programming"}
@string{ICALP81 = "Proceedings of the 8th International Colloquium  on Automata, Languages, and Programming"}
@string{ICALP83 = "Proceedings of the 10th International Colloquium  on Automata, Languages, and Programming"}
@string{ICALP84 = "Proceedings of the 11th International Colloquium  on Automata, Languages, and Programming"}
@string{ICALP85 = "Proceedings of the 12th International Colloquium  on Automata, Languages, and Programming"}
@string{ICALP86 = "Proceedings of the 13th International Colloquium  on Automata, Languages, and Programming"}
@string{ICALP87 = "Proceedings of the 14th International Colloquium  on Automata, Languages, and Programming"}
@string{ICALP89 = "Proceedings of the 16th International Colloquium  on Automata, Languages, and Programming"}
@string{ICALP90 = "Proceedings of the 17th International Colloquium  on Automata, Languages, and Programming"}
@string{ICALP91 = "Proceedings of the 18th International Colloquium  on Automata, Languages, and Programming"}
@string{ICALP92 = "Proceedings of the 19th International Colloquium  on Automata, Languages, and Programming"}
@string{ICALP94 = "Proceedings of the 21st International Colloquium  on Automata, Languages, and Programming"}
@string{ICALP96 = "Proceedings of the 23rd International Colloquium  on Automata, Languages, and Programming"}
@string{ICALP97 = "Proceedings of the 24th International Colloquium  on Automata, Languages, and Programming"}
@string{ICALP98 = "Proceedings of the 25th International Colloquium  on Automata, Languages, and Programming"}
@string{ICALP99 = "Proceedings of the 26th International Colloquium  on Automata, Languages, and Programming"}
@string{ICALP00 = "Proceedings of the 27th International Colloquium  on Automata, Languages, and Programming"}
@string{ICALP01 = "Proceedings of the 28th International Colloquium  on Automata, Languages, and Programming"}
@string{ICALP02 = "Proceedings of the 29th International Colloquium  on Automata, Languages, and Programming"}
@string{ICALP03 = "Proceedings of the 30th International Colloquium  on Automata, Languages, and Programming"}
@string{ICALP04 = "Proceedings of the 31st International Colloquium  on Automata, Languages, and Programming"}
@string{ICALP05 = "Proceedings of the 32nd International Colloquium  on Automata, Languages, and Programming"}
@string{ICALP06 = "Proceedings of the 33rd International Colloquium  on Automata, Languages, and Programming"}
@string{ICALP07 = "Proceedings of the 34th International Colloquium  on Automata, Languages, and Programming"}
@string{ICALP08 = "Proceedings of the 35th International Colloquium  on Automata, Languages, and Programming"}
@string{ICALP09 = "Proceedings of the 36th International Colloquium  on Automata, Languages, and Programming"}
@string{ICALP10 = "Proceedings of the 37th International Colloquium  on Automata, Languages, and Programming"}
@string{ICALP11 = "Proceedings of the 38th International Colloquium  on Automata, Languages, and Programming"}
@string{ICALP12 = "Proceedings of the 39th International Colloquium  on Automata, Languages, and Programming"}
@string{ICALP13 = "Proceedings of the 40th International Colloquium  on Automata, Languages, and Programming"}
@string{ICALP14 = "Proceedings of the 41st International Colloquium  on Automata, Languages, and Programming"}
@string{ICALP15 = "Proceedings of the 42nd International Colloquium  on Automata, Languages, and Programming"}
@string{ICALP16 = "Proceedings of the 43rd International Colloquium  on Automata, Languages, and Programming"}



@string{IJCAI69 = "Proceedings of the 1st International Joint Conference on Artificial Intelligence"}
@string{IJCAI71 = "Proceedings of the 2nd International Joint Conference on Artificial Intelligence"}
@string{IJCAI73 = "Proceedings of the 3rd International Joint Conference on Artificial Intelligence"}
@string{IJCAI75 = "Proceedings of the 4th International Joint Conference on Artificial Intelligence"}
@string{IJCAI77 = "Proceedings of the 5th International Joint Conference on Artificial Intelligence"}
@string{IJCAI79 = "Proceedings of the 6th International Joint Conference on Artificial Intelligence"}
@string{IJCAI81 = "Proceedings of the 7th International Joint Conference on Artificial Intelligence"}
@string{IJCAI83 = "Proceedings of the 8th International Joint Conference on Artificial Intelligence"}
@string{IJCAI83 = "Proceedings of the 9th International Joint Conference on Artificial Intelligence"}
@string{IJCAI87 = "Proceedings of the 10th International Joint Conference on Artificial Intelligence"}
@string{IJCAI89 = "Proceedings of the 11th International Joint Conference on Artificial Intelligence"}
@string{IJCAI91 = "Proceedings of the 12th International Joint Conference on Artificial Intelligence"}
@string{IJCAI93 = "Proceedings of the 13th International Joint Conference on Artificial Intelligence"}
@string{IJCAI95 = "Proceedings of the 14th International Joint Conference on Artificial Intelligence"}
@string{IJCAI97 = "Proceedings of the 15th International Joint Conference on Artificial Intelligence"}
@string{IJCAI99 = "Proceedings of the 16th International Joint Conference on Artificial Intelligence"}
@string{IJCAI01 = "Proceedings of the 17th International Joint Conference on Artificial Intelligence"}
@string{IJCAI03 = "Proceedings of the 18th International Joint Conference on Artificial Intelligence"}
@string{IJCAI05 = "Proceedings of the 19th International Joint Conference on Artificial Intelligence"}
@string{IJCAI07 = "Proceedings of the 20th International Joint Conference on Artificial Intelligence"}
@string{IJCAI09 = "Proceedings of the 21st International Joint Conference on Artificial Intelligence"}
@string{IJCAI11 = "Proceedings of the 22rd International Joint Conference on Artificial Intelligence"}
@string{IJCAI13 = "Proceedings of the 23th International Joint Conference on Artificial Intelligence"}
@string{IJCAI15 = "Proceedings of the 24th International Joint Conference on Artificial Intelligence"}
@string{IJCAI16 = "Proceedings of the 25th International Joint Conference on Artificial Intelligence"}


@string{CLIMA14 = "Proceedings of the 15th International Workshop on Computational Logic in Multi-Agent Systems"}
@string{CLIMA13 = "Proceedings of the 14th International Workshop on Computational Logic in Multi-Agent Systems"}
@string{CLIMA12 = "Proceedings of the 13th International Workshop on Computational Logic in Multi-Agent Systems"}
@string{CLIMA11 = "Proceedings of the 12th International Workshop on Computational Logic in Multi-Agent Systems"}
@string{CLIMA10 = "Proceedings of the 11th International Workshop on Computational Logic in Multi-Agent Systems"}
@string{CLIMA09 = "Proceedings of the 10th International Workshop on Computational Logic in Multi-Agent Systems"}
@string{CLIMA08 = "Proceedings of the 9th International Workshop on Computational Logic in Multi-Agent Systems"}
@string{CLIMA07 = "Proceedings of the 8th International Workshop on Computational Logic in Multi-Agent Systems"}
@string{CLIMA06 = "Proceedings of the 7th International Workshop on Computational Logic in Multi-Agent Systems"}
@string{CLIMA05 = "Proceedings of the 6th International Workshop on Computational Logic in Multi-Agent Systems"}
@string{CLIMA04 = "Proceedings of the 5th International Workshop on Computational Logic in Multi-Agent Systems"}
@string{CLIMA03 = "Proceedings of the 4th International Workshop on Computational Logic in Multi-Agent Systems"}
@string{CLIMA02 = "Proceedings of the 3rd International Workshop on Computational Logic in Multi-Agent Systems"}
@string{CLIMA01 = "Proceedings of the 2nd International Workshop on Computational Logic in Multi-Agent Systems"}
@string{CLIMA00 = "Proceedings of the 1st International Workshop on Computational Logic in Multi-Agent Systems"}


@string{FSTTCS98 = "Proceedings of the  18th Conference on Foundations of Software Technology and Theoretical Computer Science"}
@string{FSTTCS99 = "Proceedings of the  19th Conference on Foundations of Software Technology and Theoretical Computer Science"}
@string{FSTTCS00 = "Proceedings of the  20th Conference on Foundations of Software Technology and Theoretical Computer Science"}
@string{FSTTCS01 = "Proceedings of the  21st Conference on Foundations of Software Technology and Theoretical Computer Science"}
@string{FSTTCS02 = "Proceedings of the  22nd Conference on Foundations of Software Technology and Theoretical Computer Science"}
@string{FSTTCS03 = "Proceedings of the   23rd Conference on Foundations of Software Technology and Theoretical Computer Science"}
@string{FSTTCS04 = "Proceedings of the  24th Conference on Foundations of Software Technology and Theoretical Computer Science"}
@string{FSTTCS05 = "Proceedings of the  25th Conference on Foundations of Software Technology and Theoretical Computer Science"}
@string{FSTTCS06 = "Proceedings of the  26th Conference on Foundations of Software Technology and Theoretical Computer Science"}
@string{FSTTCS07 = "Proceedings of the  27th Conference on Foundations of Software Technology and Theoretical Computer Science"}
@string{FSTTCS08 = "Proceedings of the  28th Conference on Foundations of Software Technology and Theoretical Computer Science"}
@string{FSTTCS09 = "Proceedings of the  29th Conference on Foundations of Software Technology and Theoretical Computer Science"}
@string{FSTTCS10 = "Proceedings of the  30th Conference on Foundations of Software Technology and Theoretical Computer Science"}
@string{FSTTCS11 = "Proceedings of the  31th Conference on Foundations of Software Technology and Theoretical Computer Science"}
@string{FSTTCS12 = "Proceedings of the  32nd Conference on Foundations of Software Technology and Theoretical Computer Science"}
@string{FSTTCS13 = "Proceedings of the  33rd Conference on Foundations of Software Technology and Theoretical Computer Science"}
@string{FSTTCS14 = "Proceedings of the  34th Conference on Foundations of Software Technology and Theoretical Computer Science"}
@string{FSTTCS15 = "Proceedings of the  35th Conference on Foundations of Software Technology and Theoretical Computer Science"}


@string{AAAI80 = "Proceedings of the 1st National Conference on Artificial Intelligence"}
@string{AAAI82 = "Proceedings of the 2nd National Conference on Artificial Intelligence"}
@string{AAAI83 = "Proceedings of the 3rd National Conference on Artificial Intelligence"}
@string{AAAI84 = "Proceedings of the 4th National Conference on Artificial Intelligence"}
@string{AAAI86 = "Proceedings of the 5th National Conference on Artificial Intelligence"}
@string{AAAI87 = "Proceedings of the 6th National Conference on Artificial Intelligence"}
@string{AAAI88 = "Proceedings of the 7th National Conference on Artificial Intelligence"}
@string{AAAI90 = "Proceedings of the 8th National Conference on Artificial Intelligence"}
@string{AAAI91 = "Proceedings of the 9th National Conference on Artificial Intelligence"}
@string{AAAI92 = "Proceedings of the 10th National Conference on Artificial Intelligence"}
@string{AAAI93 = "Proceedings of the 11th National Conference on Artificial Intelligence"}
@string{AAAI94 = "Proceedings of the 12th National Conference on Artificial Intelligence"}
@string{AAAI96 = "Proceedings of the 13th National Conference on Artificial Intelligence and 8th Innovative Applications of Artificial Intelligence Conference"}
@string{AAAI97 = "Proceedings of the 14th National Conference on Artificial Intelligence and 9th Innovative Applications of Artificial Intelligence Conference"}
@string{AAAI98 = "Proceedings of the 15th National Conference on Artificial Intelligence and 10th Innovative Applications of Artificial Intelligence Conference"}
@string{AAAI99 = "Proceedings of the 16th National Conference on Artificial Intelligence and 11th Innovative Applications of Artificial Intelligence Conference"}
@string{AAAI00 = "Proceedings of the 17th National Conference on Artificial Intelligence and 12th Innovative Applications of Artificial Intelligence Conference"}
@string{AAAI02 = "Proceedings of the 18th National Conference on Artificial Intelligence and 14th Innovative Applications of Artificial Intelligence Conference"}
@string{AAAI04 = "Proceedings of the 19th National Conference on Artificial Intelligence and 16th Innovative Applications of Artificial Intelligence Conference"}
@string{AAAI05 = "Proceedings of the 20th National Conference on Artificial Intelligence and 17th Innovative Applications of Artificial Intelligence Conference"}
@string{AAAI06 = "Proceedings of the 21st National Conference on Artificial Intelligence and 18th Innovative Applications of Artificial Intelligence Conference"}
@string{AAAI07 = "Proceedings of the 22nd {AAAI} Conference on Artificial Intelligence"}
@string{AAAI08 = "Proceedings of the 23rd {AAAI} Conference on Artificial Intelligence"}
@string{AAAI10 = "Proceedings of the 24th {AAAI} Conference on Artificial Intelligence"}
@string{AAAI11 = "Proceedings of the 25th {AAAI} Conference on Artificial Intelligence"}
@string{AAAI12 = "Proceedings of the 26th {AAAI} Conference on Artificial Intelligence"}
@string{AAAI13 = "Proceedings of the 27th {AAAI} Conference on Artificial Intelligence"}
@string{AAAI14 = "Proceedings of the 28th {AAAI} Conference on Artificial Intelligence"}
@string{AAAI15 = "Proceedings of the 29th {AAAI} Conference on Artificial Intelligence"}
@string{AAAI16 = "Proceedings of the 30th {AAAI} Conference on Artificial Intelligence"}



@string{SODA90 = "Proceedings of the 1st Annual ACM-SIAM Symposium on Discrete Algorithms"}
@string{SODA91 = "Proceedings of the 2nd Annual ACM-SIAM Symposium on Discrete Algorithms"}
@string{SODA92 = "Proceedings of the 3rd Annual ACM-SIAM Symposium on Discrete Algorithms"}
@string{SODA93 = "Proceedings of the 4th Annual ACM-SIAM Symposium on Discrete Algorithms"}
@string{SODA94 = "Proceedings of the 5th Annual ACM-SIAM Symposium on Discrete Algorithms"}
@string{SODA95 = "Proceedings of the 6th Annual ACM-SIAM Symposium on Discrete Algorithms"}
@string{SODA96 = "Proceedings of the 7th Annual ACM-SIAM Symposium on Discrete Algorithms"}
@string{SODA97 = "Proceedings of the 8th Annual ACM-SIAM Symposium on Discrete Algorithms"}
@string{SODA98 = "Proceedings of the 9th Annual ACM-SIAM Symposium on Discrete Algorithms"}
@string{SODA99 = "Proceedings of the 10th Annual ACM-SIAM Symposium on Discrete Algorithms"}
@string{SODA00 = "Proceedings of the 11th Annual ACM-SIAM Symposium on Discrete Algorithms"}
@string{SODA01 = "Proceedings of the 12th Annual ACM-SIAM Symposium on Discrete Algorithms"}
@string{SODA02 = "Proceedings of the 13th Annual ACM-SIAM Symposium on Discrete Algorithms"}
@string{SODA03 = "Proceedings of the 14th Annual ACM-SIAM Symposium on Discrete Algorithms"}
@string{SODA04 = "Proceedings of the 15th Annual ACM-SIAM Symposium on Discrete Algorithms"}
@string{SODA05 = "Proceedings of the 16th Annual ACM-SIAM Symposium on Discrete Algorithms"}
@string{SODA06 = "Proceedings of the 17th Annual ACM-SIAM Symposium on Discrete Algorithms"}
@string{SODA07 = "Proceedings of the 18th Annual ACM-SIAM Symposium on Discrete Algorithms"}
@string{SODA08 = "Proceedings of the 19th Annual ACM-SIAM Symposium on Discrete Algorithms"}
@string{SODA09 = "Proceedings of the 20th Annual ACM-SIAM Symposium on Discrete Algorithms"}
@string{SODA10 = "Proceedings of the 21st Annual ACM-SIAM Symposium on Discrete Algorithms"}
@string{SODA11 = "Proceedings of the 22nd Annual ACM-SIAM Symposium on Discrete Algorithms"}
@string{SODA12 = "Proceedings of the 23rd Annual ACM-SIAM Symposium on Discrete Algorithms"}
@string{SODA13 = "Proceedings of the 24th Annual ACM-SIAM Symposium on Discrete Algorithms"}
@string{SODA14 = "Proceedings of the 25th Annual ACM-SIAM Symposium on Discrete Algorithms"}
@string{SODA15 = "Proceedings of the 26th Annual ACM-SIAM Symposium on Discrete Algorithms"}
@string{SODA16 = "Proceedings of the 27th Annual ACM-SIAM Symposium on Discrete Algorithms"}


@string{STACS94 = "Proceedings of the 11th Symposium on Theoretical Aspects of Computer Science"}
@string{STACS95 = "Proceedings of the 12th Symposium on Theoretical Aspects of Computer Science"}
@string{STACS96 = "Proceedings of the 13th Symposium on Theoretical Aspects of Computer Science"}
@string{STACS97 = "Proceedings of the 14th Symposium on Theoretical Aspects of Computer Science"}
@string{STACS98 = "Proceedings of the 15th Symposium on Theoretical Aspects of Computer Science"}
@string{STACS99 = "Proceedings of the 16th Symposium on Theoretical Aspects of Computer Science"}
@string{STACS00 = "Proceedings of the 17th Symposium on Theoretical Aspects of Computer Science"}
@string{STACS01 = "Proceedings of the 18th Symposium on Theoretical Aspects of Computer Science"}
@string{STACS02 = "Proceedings of the 19th Symposium on Theoretical Aspects of Computer Science"}
@string{STACS03 = "Proceedings of the 20th Symposium on Theoretical Aspects of Computer Science"}
@string{STACS04 = "Proceedings of the 21st Symposium on Theoretical Aspects of Computer Science"}
@string{STACS05 = "Proceedings of the 22nd Symposium on Theoretical Aspects of Computer Science"}
@string{STACS06 = "Proceedings of the 23rd Symposium on Theoretical Aspects of Computer Science"}
@string{STACS07 = "Proceedings of the 24th Symposium on Theoretical Aspects of Computer Science"}
@string{STACS08 = "Proceedings of the 25th Symposium on Theoretical Aspects of Computer Science"}
@string{STACS09 = "Proceedings of the 26th Symposium on Theoretical Aspects of Computer Science"}
@string{STACS10 = "Proceedings of the 27th Symposium on Theoretical Aspects of Computer Science"}
@string{STACS11 = "Proceedings of the 28th Symposium on Theoretical Aspects of Computer Science"}
@string{STACS12 = "Proceedings of the 29th Symposium on Theoretical Aspects of Computer Science"}
@string{STACS13 = "Proceedings of the 30th Symposium on Theoretical Aspects of Computer Science"}
@string{STACS14 = "Proceedings of the 31st Symposium on Theoretical Aspects of Computer Science"}
@string{STACS15 = "Proceedings of the 32nd Symposium on Theoretical Aspects of Computer Science"}
@string{STACS16 = "Proceedings of the 33rd Symposium on Theoretical Aspects of Computer Science"}


@string{MFCS88 = "Proceedings of the 13th International Symposium on Mathematical Foundations of Computer Science"}
@string{MFCS89 = "Proceedings of the 14th International Symposium on Mathematical Foundations of Computer Science"}
@string{MFCS95 = "Proceedings of the 20th International Symposium on Mathematical Foundations of Computer Science"}
@string{MFCS98 = "Proceedings of the 23th International Symposium on Mathematical Foundations of Computer Science"}
@string{MFCS00 = "Proceedings of the 25th International Symposium on Mathematical Foundations of Computer Science"}
@string{MFCS01 = "Proceedings of the 26th International Symposium on Mathematical Foundations of Computer Science"}
@string{MFCS02 = "Proceedings of the 27th International Symposium on Mathematical Foundations of Computer Science"}
@string{MFCS03 = "Proceedings of the 28th International Symposium on Mathematical Foundations of Computer Science"}
@string{MFCS04 = "Proceedings of the 29th International Symposium on Mathematical Foundations of Computer Science"}
@string{MFCS05 = "Proceedings of the 30th International Symposium on Mathematical Foundations of Computer Science"}
@string{MFCS06 = "Proceedings of the 31st International Symposium on Mathematical Foundations of Computer Science"}
@string{MFCS07 = "Proceedings of the 32nd International Symposium on Mathematical Foundations of Computer Science"}
@string{MFCS08 = "Proceedings of the 33th International Symposium on Mathematical Foundations of Computer Science"}
@string{MFCS09 = "Proceedings of the 34th International Symposium on Mathematical Foundations of Computer Science"}
@string{MFCS10 = "Proceedings of the 35th International Symposium on Mathematical Foundations of Computer Science"}
@string{MFCS11 = "Proceedings of the 36th International Symposium on Mathematical Foundations of Computer Science"}
@string{MFCS12 = "Proceedings of the 37th International Symposium on Mathematical Foundations of Computer Science"}
@string{MFCS13 = "Proceedings of the 38th International Symposium on Mathematical Foundations of Computer Science"}
@string{MFCS14 = "Proceedings of the 39th International Symposium on Mathematical Foundations of Computer Science"}
@string{MFCS15 = "Proceedings of the 40th International Symposium on Mathematical Foundations of Computer Science"}
@string{MFCS16 = "Proceedings of the 41st International Symposium on Mathematical Foundations of Computer Science"}


@string{FORMATS03 = "Proceedings of the 1st International Conference on Formal Modeling and Analysis of Timed Systems"}
@string{FORMATS04 = "Proceedings of the 2nd International Conference on Formal Modeling and Analysis of Timed Systems"}
@string{FORMATS05 = "Proceedings of the 3rd International Conference on Formal Modeling and Analysis of Timed Systems"}
@string{FORMATS06 = "Proceedings of the 4th International Conference on Formal Modeling and Analysis of Timed Systems"}
@string{FORMATS07 = "Proceedings of the 5th International Conference on Formal Modeling and Analysis of Timed Systems"}
@string{FORMATS08 = "Proceedings of the 6th International Conference on Formal Modeling and Analysis of Timed Systems"}
@string{FORMATS09 = "Proceedings of the 7th International Conference on Formal Modeling and Analysis of Timed Systems"}
@string{FORMATS10 = "Proceedings of the 8th International Conference on Formal Modeling and Analysis of Timed Systems"}
@string{FORMATS11 = "Proceedings of the 9th International Conference on Formal Modeling and Analysis of Timed Systems"}
@string{FORMATS12 = "Proceedings of the 10th International Conference on Formal Modeling and Analysis of Timed Systems"}
@string{FORMATS13 = "Proceedings of the 11th International Conference on Formal Modeling and Analysis of Timed Systems"}
@string{FORMATS14 = "Proceedings of the 12th International Conference on Formal Modeling and Analysis of Timed Systems"}
@string{FORMATS15 = "Proceedings of the 13th International Conference on Formal Modeling and Analysis of Timed Systems"}
@string{FORMATS16 = "Proceedings of the 14th International Conference on Formal Modeling and Analysis of Timed Systems"}

@string{CONCUR90 = "Proceedings of the 1st International Conference on Theories of Concurrency: Unification and Extension"}
@string{CONCUR91 = "Proceedings of the 2nd International Conference on Concurrency Theory"}
@string{CONCUR92 = "Proceedings of the 3rd International Conference on Concurrency Theory"}
@string{CONCUR93 = "Proceedings of the 4th International Conference on Concurrency Theory"}
@string{CONCUR94 = "Proceedings of the 5th International Conference on Concurrency Theory"}
@string{CONCUR95 = "Proceedings of the 6th International Conference on Concurrency Theory"}
@string{CONCUR96 = "Proceedings of the 7th International Conference on Concurrency Theory"}
@string{CONCUR97 = "Proceedings of the 8th International Conference on Concurrency Theory"}
@string{CONCUR98 = "Proceedings of the 9th International Conference on Concurrency Theory"}
@string{CONCUR99 = "Proceedings of the 10th International Conference on Concurrency Theory"}
@string{CONCUR00 = "Proceedings of the 11th International Conference on Concurrency Theory"}
@string{CONCUR01 = "Proceedings of the 12th International Conference on Concurrency Theory"}
@string{CONCUR02 = "Proceedings of the 13th International Conference on Concurrency Theory"}
@string{CONCUR03 = "Proceedings of the 14th International Conference on Concurrency Theory"}
@string{CONCUR04 = "Proceedings of the 15th International Conference on Concurrency Theory"}
@string{CONCUR05 = "Proceedings of the 16th International Conference on Concurrency Theory"}
@string{CONCUR06 = "Proceedings of the 17th International Conference on Concurrency Theory"}
@string{CONCUR07 = "Proceedings of the 18th International Conference on Concurrency Theory"}
@string{CONCUR08 = "Proceedings of the 19th International Conference on Concurrency Theory"}
@string{CONCUR09 = "Proceedings of the 20th International Conference on Concurrency Theory"}
@string{CONCUR10 = "Proceedings of the 21st International Conference on Concurrency Theory"}
@string{CONCUR11 = "Proceedings of the 22nd International Conference on Concurrency Theory"}
@string{CONCUR12 = "Proceedings of the 23rd International Conference on Concurrency Theory"}
@string{CONCUR13 = "Proceedings of the 24th International Conference on Concurrency Theory"}
@string{CONCUR14 = "Proceedings of the 25th International Conference on Concurrency Theory"}
@string{CONCUR15 = "Proceedings of the 26th International Conference on Concurrency Theory"}
@string{CONCUR16 = "Proceedings of the 27th International Conference on Concurrency Theory"}


@string{STOC82 = "Proceedings of the 14th Annual {ACM} Symposium on Theory of Computing"}
@string{STOC83 = "Proceedings of the 15th Annual {ACM} Symposium on Theory of Computing"}
@string{STOC84 = "Proceedings of the 16th Annual {ACM} Symposium on Theory of Computing"}
@string{STOC85 = "Proceedings of the 17th Annual {ACM} Symposium on Theory of Computing"}
@string{STOC86 = "Proceedings of the 18th Annual {ACM} Symposium on Theory of Computing"}
@string{STOC87 = "Proceedings of the 19th Annual {ACM} Symposium on Theory of Computing"}
@string{STOC88 = "Proceedings of the 20th Annual {ACM} Symposium on Theory of Computing"}
@string{STOC89 = "Proceedings of the 21st Annual {ACM} Symposium on Theory of Computing"}
@string{STOC90 = "Proceedings of the 22nd Annual {ACM} Symposium on Theory of Computing"}
@string{STOC91 = "Proceedings of the 23rd Annual {ACM} Symposium on Theory of Computing"}
@string{STOC92 = "Proceedings of the 24th Annual {ACM} Symposium on Theory of Computing"}
@string{STOC93 = "Proceedings of the 25th Annual {ACM} Symposium on Theory of Computing"}
@string{STOC94 = "Proceedings of the 26th Annual {ACM} Symposium on Theory of Computing"}
@string{STOC95 = "Proceedings of the 27th Annual {ACM} Symposium on Theory of Computing"}
@string{STOC96 = "Proceedings of the 28th Annual {ACM} Symposium on Theory of Computing"}
@string{STOC97 = "Proceedings of the 29th Annual {ACM} Symposium on Theory of Computing"}
@string{STOC98 = "Proceedings of the 30th Annual {ACM} Symposium on Theory of Computing"}
@string{STOC99 = "Proceedings of the 31th Annual {ACM} Symposium on Theory of Computing"}

@book{BK08,
  author    = {C. Baier and
               J. P. Katoen},
  title     = {Principles of model checking},
  publisher = {{MIT} Press},
  year      = {2008},
  isbn      = {978-0-262-02649-9}
}

@inproceedings{Sch01,
  author    = {Stefan Schwoon},
  title     = {Determinization and Complementation of Streett Automata},
  booktitle = {Automata, Logics, and Infinite Games: {A} Guide to Current Research
               [outcome of a Dagstuhl seminar]},
  pages     = {79--91},
  year      = {2001},
  doi       = {10.1007/3-540-36387-4_5}
}

@inproceedings{BEM97,
  author    = {Ahmed Bouajjani and
               Javier Esparza and
               Oded Maler},
  title     = {Reachability Analysis of Pushdown Automata: Application to Model-Checking},
  booktitle = CONCUR97,
  pages     = {135--150},
  year      = {1997},
  doi       = {10.1007/3-540-63141-0_10}
}

@inproceedings{EHRS00,
  author    = {Javier Esparza and
               David Hansel and
               Peter Rossmanith and
               Stefan Schwoon},
  title     = {Efficient Algorithms for Model Checking Pushdown Systems},
  booktitle = CAV00,
  pages     = {232--247},
  year      = {2000},
  doi       = {10.1007/10722167_20}
   }

@inproceedings{ST12,
  author    = {Fu Song and
               Tayssir Touili},
  title     = {{PuMoC}: a {CTL} model-checker for sequential programs},
  booktitle = {Proceedings of the 27th {IEEE/ACM} International Conference on Automated Software Engineering},
  pages     = {346--349},
  year      = {2012},
  doi       = {10.1145/2351676.2351743}
}

   @inproceedings{ST11,
  author    = {Fu Song and
               Tayssir Touili},
  title     = {Efficient {CTL} Model-Checking for Pushdown Systems},
  booktitle =CONCUR11,
  pages     = {434--449},
  year      = {2011},
  doi       = {10.1007/978-3-642-23217-6_29}
}

   @inproceedings{ES01,
  author    = {Javier Esparza and
               Stefan Schwoon},
  title     = {A BDD-Based Model Checker for Recursive Programs},
  booktitle = CAV01,
  pages     = {324--336},
  year      = {2001},
  doi       = {10.1007/3-540-44585-4_30}
}

@inproceedings{cachat,
  author    = {Thierry Cachat},
  title     = {Symbolic Strategy Synthesis for Games on Pushdown Graphs},
  booktitle = ICALP02,
  year      = {2002},
  doi       = {10.1007/3-540-45465-9_60},
  pages     = {704-715}
}


@inproceedings{Pnu77,
  author    = {Amir Pnueli},
  title     = {The Temporal Logic of Programs},
  booktitle = FOCS77,
  pages     = {46--57},
  year      = {1977},
  doi       = {10.1109/SFCS.1977.32}
}

@inproceedings{CE81,
  author    = {Edmund M. Clarke and
               E. Allen Emerson},
  title     = {Design and Synthesis of Synchronization Skeletons Using Branching-Time
               Temporal Logic},
  booktitle = {Proceedings of Workshop on Logics of Programs},
  pages     = {52--71},
  year      = {1981},
  doi       = {10.1007/BFb0025774}
}




@article{CHP10,
  author    = {K. Chatterjee and
               T. A. Henzinger and
               N. Piterman},
  title     = {Strategy logic},
  journal   = {Information and Computation},
  volume    = {208},
  number    = {6},
  pages     = {677--693},
  year      = {2010},
  doi       = {10.1016/j.ic.2009.07.004}
}


@article{MMPV14,
  author    = {Fabio Mogavero and
               Aniello Murano and
               Giuseppe Perelli and
               Moshe Y. Vardi},
  title     = {Reasoning About Strategies: On the Model-Checking Problem},
  journal   = {{ACM} Transations on Computational Logic},
  volume    = {15},
  number    = {4},
  pages     = {34:1--34:47},
  year      = {2014},
  doi       = {10.1145/2631917}
}

@inproceedings{LMS04,
  author    = {Christof L{\"{o}}ding and
               P. Madhusudan and
               Olivier Serre},
  title     = {Visibly Pushdown Games},
  booktitle = FSTTCS04,
  doi       = {10.1007/978-3-540-30538-5_34},
  pages     = {408--420},
  year      = {2004}
}

@article{Wal01,
  author    = {Igor Walukiewicz},
  title     = {Pushdown Processes: Games and Model-Checking},
  journal   = {Information and Computation},
  volume    = {164},
  number    = {2},
  pages     = {234--263},
  year      = {2001},
  doi       = {10.1006/inco.2000.2894}
}

@inproceedings{SSE06,
  author    = {Dejvuth Suwimonteerabuth and
               Stefan Schwoon and
               Javier Esparza},
  title     = {Efficient Algorithms for Alternating Pushdown Systems with an Application to the Computation of Certificate Chains},
  booktitle   = {Proceedings of the 4th International Symposium on Automated Technology for Verification and Analysis},
  pages     = {141--153},
  doi       = {10.1007/11901914_13},
  year      = {2006}
}

@article{LMO08,
  author    = {Fran{\c{c}}ois Laroussinie and
               Nicolas Markey and
               Ghassan Oreiby},
  title     = {On the Expressiveness and Complexity of {ATL}},
  journal   = {Logical Methods in Computer Science},
  volume    = {4},
  number    = {2},
  year      = {2008},
  doi       = {10.2168/LMCS-4(2:7)2008}
}

@inproceedings{CSW16,
  author    = {Taolue Chen and
               Fu Song and
               Zhilin Wu},
  title     = {Global Model Checking on Pushdown Multi-Agent Systems},
  booktitle = AAAI16,
  pages = {2459--2465},
  year      = {2016}
}


@inproceedings{CH14,
  author    = {Arnaud Carayol and
               Matthew Hague},
  title     = {Saturation algorithms for model-checking pushdown systems},
  booktitle = {Proceedings of the 14th International Conference on Automata and Formal Languages},
  pages     = {1--24},
  year      = {2014},
  doi       = {10.4204/EPTCS.151.1}
}

@article{serre,
  author    = {Olivier Serre},
  title     = {Note on winning positions on pushdown games with [omega]-regular
               conditions},
  journal   = IPL,
  volume    = {85},
  number    = {6},
  year      = {2003},
  doi       = {10.1016/S0020-0190(02)00445-3},
  pages     = {285-291}
}

@article{ALMSV13,
  author    = {Benjamin Aminof and
               Axel Legay and
               Aniello Murano and
               Olivier Serre and
               Moshe Y. Vardi},
  title     = {Pushdown module checking with imperfect information},
  journal   = {Information and Computation},
  volume    = {223},
  pages     = {1--17},
  year      = {2013},
   doi       = {10.1016/j.ic.2012.11.005}
}

@article{BMP10,
  author    = {Laura Bozzelli and
               Aniello Murano and
               Adriano Peron},
  title     = {Pushdown module checking},
  journal   = {Formal Methods in System Design},
  volume    = {36},
  number    = {1},
  doi       = {10.1007/s10703-010-0093-x},
  year      = {2010},
  pages     = {65--95}
}

@inproceedings{JM14,
  author    = {W. Jamroga and
               A. Murano},
  title     = {On module checking and strategies},
  booktitle = {AAMAS'14},
  pages     = {701--708},
  year      = {2014}
}



@inproceedings{BJ11,
  author    = {Nils Bulling and
               Wojciech Jamroga},
  title     = {Alternating Epistemic Mu-Calculus},
  booktitle = IJCAI11,
  pages     = {109--114},
  year      = {2011}
}
@inproceedings{JM15,
  author    = {Wojciech Jamroga and
               Aniello Murano},
  title     = {Module Checking of Strategic Ability},
  booktitle = AAMAS15,
  pages     = {227--235},
  year      = {2015}
}
@inproceedings{LopesLM10,
  author    = {Arnaud Da Costa Lopes and
               Fran{\c{c}}ois Laroussinie and
               Nicolas Markey},
  title     = {{ATL} with Strategy Contexts: Expressiveness and Model Checking},
  booktitle = FSTTCS10,
  pages     = {120--132},
  doi       = {10.4230/LIPIcs.FSTTCS.2010.120},
  year      = {2010}
}

@inproceedings{MMS13,
  author    = {Fabio Mogavero and
               Aniello Murano and
               Luigi Sauro},
  title     = {On the Boundary of Behavioral Strategies},
  booktitle = LICS13,
  doi       = {10.1109/LICS.2013.32},
   pages    = {263-272},
  year      = {2013}
}

@inproceedings{SF06,
  author    = {S. Schewe and
               B. Finkbeiner},
  title     = {Satisfiability and Finite Model Property for the Alternating-Time
               \emph{mu}-Calculus},
  booktitle = {CSL'06},
  pages     = {591--605},
  year      = {2006},
  doi       = {10.1007/11874683_39}
}

 @inproceedings{Sch08,
  author    = {S. Schewe},
  title     = {{ATL}* Satisfiability Is 2{EXPTIME}-Complete},
  booktitle = {ICALP'08},
  pages     = {373--385},
  year      = {2008},
  doi       = {10.1007/978-3-540-70583-3_31}
}
@inproceedings{MMS14,
  author    = {Fabio Mogavero and
               Aniello Murano and
               Luigi Sauro},
  title     = {A Behavioral Hierarchy of Strategy Logic},
  booktitle = {Proceedings of the 15th International Workshop on Computational Logic in Multi-Agent Systems},
  pages     = {148--165},
  doi       = {10.1007/978-3-319-09764-0_10},
  year      = {2014}
}

@inproceedings{HP06,
  author    = {Thomas A. Henzinger and
               Vinayak S. Prabhu},
  title     = {Timed Alternating-Time Temporal Logic},
  booktitle = FORMATS06,
  pages     = {1--17},
  doi       = {10.1007/11867340_1},
  year      = {2006}
}
@inproceedings{BLMO07,
  author    = {Thomas Brihaye and
               Fran{\c{c}}ois Laroussinie and
               Nicolas Markey and
               Ghassan Oreiby},
  title     = {Timed Concurrent Game Structures},
  booktitle = CONCUR07,
  pages     = {445--459},
  doi       = {10.1007/978-3-540-74407-8_30},
  year      = {2007}
}
@inproceedings{CLM15,
  author    = {Petr Cerm{\'{a}}k and
               Alessio Lomuscio and
               Aniello Murano},
  title     = {Verifying and Synthesising Multi-Agent Systems against One-Goal Strategy
               Logic Specifications},
  booktitle = AAAI15,
  pages     = {2038--2044},
  year      = {2015}
}

@article{WSH15,
  author    = {Farn Wang and
               Sven Schewe and
               Chung{-}Hao Huang},
  title     = {An Extension of {ATL} with Strategy Interaction},
  journal   = ACMTPLS,
  volume    = {37},
  number    = {3},
  pages     = {9},
  year      = {2015},
  doi       = {10.1145/2734117}
}

@article{Koz83,
  author    = {Dexter Kozen},
  title     = {Results on the Propositional mu-Calculus},
  journal   = TCS,
  volume    = {27},
  pages     = {333--354},
  year      = {1983},
  doi       = {10.1016/0304-3975(82)90125-6}
}
@inproceedings{HO09,
  author    = {Matthew Hague and
               C.{-}H. Luke Ong},
  title     = {Winning Regions of Pushdown Parity Games: {A} Saturation Method},
  booktitle = CONCUR09,
 doi       = {10.1007/978-3-642-04081-8_26},
  pages     = {384--398},
  year      = {2009},
}

@article{HO11,
  author    = {Matthew Hague and
               C.{-}H. Luke Ong},
  title     = {A saturation method for the modal {\(\mu\)}-calculus over pushdown
               systems},
  journal   = {Information and Computation},
  volume    = {209},
  number    = {5},
  pages     = {799--821},
  year      = {2011},
  doi       = {10.1016/j.ic.2010.12.004}
}

@article{EJS03,
  author    = {Javier Esparza and
               Anton\'{\i}n Kucera and
               Stefan Schwoon},
  title     = {Model checking {LTL} with regular valuations for pushdown
               systems},
  journal   = {Information and Computation},
  volume    = {186},
  doi       = {10.1016/S0890-5401(03)00139-1},
  number    = {2},
  year      = {2003},
  pages     = {355-376}
}

@article{MO12,
  author    = {T. Maruta and
               A. Okada},
  title     = {Stochastically stable equilibria in n-person binary coordination games},
  journal   = {Mathematical Social Sciences},
  volume    = {63},
  number    = {1},
  pages     = {31--42},
  year      = {2012},
  doi       = {10.1016/j.mathsocsci.2011.08.007}
}

@inproceedings{MM97,
	Author = {C. Morgan and A. McIver},
	Booktitle = {FMP'97},
	Editor = {L. Groves and S. Reeves},
	Pages = {4-22},
	Title = {A probabilistic temporal calculus based on expectations},
	Year = {1997}}

@inproceedings{CK16,
  author    = {S. Chakraborty and
               J. P. Katoen},
  title     = {On the Satisfiability of Some Simple Probabilistic Logics},
  booktitle = {LICS'16},
  pages     = {56--65},
  year      = {2016},
  doi       = {10.1145/2933575.2934526}
}


@article{Sin98,
  author    = {Munindar P. Singh},
  title     = {Applying the Mu-Calculus in Planning and Reasoning about Action},
  journal   = {Journal Of Logic and Computation},
  volume    = {8},
  number    = {3},
  pages     = {425--445},
  year      = {1998},
}


@article{bhatia2011motion,
  title={Motion planning with complex goals},
  author={Bhatia, Amit and Maly, Matthew R and Kavraki, Lydia E and Vardi, Moshe Y},
  journal={Robotics \& Automation Magazine, IEEE},
  volume={18},
  number={3},
  pages={55--64},
  year={2011},
  publisher={IEEE}
}

@article{MM07,
  title={Results on the quantitative $\mu$-calculus qM$\mu$},
  author={ A. McIver and C. Morgan},
  journal={{TOCL}},
  volume={8},
  number={1},
  pages={3},
  year={2007},
  publisher={ACM}
}




@inproceedings{MM02,
  author    = {A. McIver and
               C. Morgan},
  title     = {Games, Probability and the Quantitative {\(\mathrm{\mu}\)}-Calculus
               qM{\(\mathrm{\mu}\)}},
  booktitle = {{LPAR'02}},
  pages     = {292--310},
  year      = {2002}
}



@INPROCEEDINGS{CKP15,
  author =       {P. Castro and C. Kilmurray and N. Piterman},
  title =        {Tractable Probabilistic $\mu$-Calculus that Expresses Probabilistic Temporal Logics},
  booktitle =    {STACS'15},
  year =         {2015},
  pages =        {211--223}}



@inproceedings{BFS12,
  author    = {N. Bertrand and
               J. Fearnley and
               S. Schewe},
  title     = {Bounded Satisfiability for {PCTL}},
  booktitle = {CSL'12},
  pages     = {92--106},
  year      = {2012}
}

@article{HJ94,
	Author = {H. Hansson  and B. Jonsson},
	Journal = {FAC},
	Number = {5},
	Pages = {512-535},
	Title = {A Logic for Reasoning about Time and Reliability},
	Volume = {6},
	Year = {1994}}

@inproceedings{BFKK08,
 author = {Tom{\'{a}}s Br{\'{a}}zdil and
               Vojtech Forejt and
               Jan Kret{\'{\i}}nsk{\'{y}} and
               Anton{\'{\i}}n Kucera}},
 title = {The Satisfiability Problem for Probabilistic {CTL}},
 booktitle = {LICS'08},
  year = {2008},
 pages = {391--402},
}

@inproceedings{BA95,
	Author = {A. Bianco and L. de Alfaro},
	Booktitle = {FSTTCS},
	Pages = {499-513},
	Series = {Lecture Notes in Computer Science},
	Title = {Model Checking of Probabilistic and Nondeterministic Systems},
	Volume = {1026},
	Year = {1995}
}



@techreport{Dam95,
	Author = {M. Dam},
	Date-Added = {2015-02-12 01:59:08 +0000},
	Date-Modified = {2015-02-12 02:01:14 +0000},
	Institution = {Laboratory for Foundations of Computer Science, University of Edinburgh},
	Month = {November},
	Number = {ECS-LFCS-90-123},
	Title = {Translating {CTL*} into the modal $\mu$-calculus},
	Year = {1995}}

@book{BK08,
	Author = {C. Baier and J.-P. Katoen},
	Publisher = {MIT Press},
	Title = {Principles of Model Checking},
	Year = {2008}}

@inproceedings{HK97,
	Author = {M. Huth and M. Z. Kwiatkowska},
	Booktitle = {{LICS'97}},
	Pages = {111--122},
	Title = {Quantitative Analysis and Model Checking},
	Year = {1997}}

@inproceedings{MM97,
	Author = {C. Morgan and A. McIver},
	Booktitle = {Proc. Formal Methods Pacific},
	Editor = {L. Groves and S. Reeves},
	Pages = {4-22},
	Publisher = {Springer},
	Title = {A probabilistic temporal calculus based on expectations},
	Year = {1997}}

@article{MM07,
  title={Results on the quantitative $\mu$-calculus qM$\mu$},
  author={ A. McIver and C. Morgan},
  journal={{TOCL}},
  volume={8},
  number={1},
  pages={3},
  year={2007},
  publisher={ACM}
}





@inproceedings{AM01,
	Author = {L. de Alfaro and R. Majumdar},
	Booktitle = {STOC'01},
	Pages = {675--683},
	Title = {Quantitative solution of omega-regular games},
	Year = {2001}}

@phdthesis{Mio12a,
	Author = {M. Mio},
	School = {The University of Edinburgh},
	Title = {Game semantics for probabilistic modal $\mu$-calculi},
	Year = {2012}}

@article{Mio12b,
	Author = {Matteo Mio},
	Journal = {Logical Methods in Computer Science},
	Number = {4},
	Title = {Probabilistic modal $\mu$-calculus with independent product},
	Volume = {8},
	Year = {2012}}

@article{CIN05,
	Author = {R. Cleaveland and S. Iyer and M. Narasimha},
	Journal = TCS,
	Number = {2-3},
	Pages = {316--350},
	Title = {Probabilistic temporal logics via the modal $\mu$-calculus},
	Volume = {342},
	Year = {2005}}

@phdthesis{Lon93a,
	Author = {D. E. Long},
	Date-Added = {2013-08-07 23:22:50 +0000},
	Date-Modified = {2013-08-07 23:24:10 +0000},
	School = {CMU Dept. of Computer Science},
	Title = {Model Checking, Abstraction and Compositional Verification},
	Year = {1993}}

@inproceedings{CLM89,
	Author = {E.M. Clarke and D.E. Long and K. L. McMillan},
	Booktitle = {Proc. 4th Annual Symposium on Logic in Computer Science},
	Date-Added = {2013-08-07 23:18:33 +0000},
	Date-Modified = {2013-08-07 23:21:33 +0000},
	Month = {June},
	Pages = {353--362},
	Publisher = {Pacific Grove, CA},
	Title = {Composisitional model checking},
	Year = {1989}}

@inproceedings{Zbr11,
	Author = {A. Zbrzezny},
	Booktitle = {Proceedings of the international workshop CS\&P 2011},
	Date-Added = {2013-05-14 12:11:29 +0000},
	Date-Modified = {2013-05-14 12:14:48 +0000},
	Editor = {M. Szczuka et al.},
	Month = {September},
	Pages = {589--600},
	Title = {A New Translation from {ETCL}* to {SAT}},
	Year = {2011}}

@inproceedings{FSW02,
	Author = {A. Frisch and D. Sheridan and T. Walsh},
	Booktitle = {FMCAD'02},
	Date-Added = {2013-01-17 09:23:03 +0000},
	Date-Modified = {2013-01-17 09:24:50 +0000},
	Pages = {238--255},
	Title = {A fixpoint encoding for bounded model checking},
	Volume = {2517},
	Year = {2002}}

@article{TH02,
	Author = {H. Taurainen and K. Heljanko},
	Date-Added = {2013-01-12 12:33:17 +0000},
	Date-Modified = {2013-01-12 12:39:26 +0000},
	Journal = {STTT},
	Pages = {57--70},
	Title = {Testing {LTL} formula translation into {B}{\"u}chi automata},
	Volume = {4},
	Year = {2002}}

@inproceedings{CFJ93,
	Address = {New York},
	Author = {E. M. Clarke and T. Filkorn and S. Jha},
	Booktitle = {Proc. 5th International Conference on Computer Aided Verification},
	Date-Added = {2012-12-29 09:45:27 +0000},
	Date-Modified = {2012-12-29 09:57:00 +0000},
	Pages = {450--462},
	Series = {Lecture Notes in Computer Science},
	Title = {Exploiting symmetry in temporal logic model checking},
	Volume = {697},
	Year = {1993}}

@article{BHJLS06,
	Author = {A. Biere and K. Heljanko and T. Junttila and T. Latvala and V. Schuppan},
	Date-Added = {2012-12-27 11:56:18 +0000},
	Date-Modified = {2012-12-27 11:56:18 +0000},
	Journal = {Logical Methods in Computer Science},
	Month = {November},
	Number = {5:5},
	Pages = {1--64},
	Title = {Linear encodings of bounded {LTL} model checking},
	Volume = {2},
	Year = {2006},
	Bdsk-File-1 = {YnBsaXN0MDDUAQIDBAUIJidUJHRvcFgkb2JqZWN0c1gkdmVyc2lvblkkYXJjaGl2ZXLRBgdUcm9vdIABqAkKFRYXGyIjVSRudWxs0wsMDQ4RElpOUy5vYmplY3RzViRjbGFzc1dOUy5rZXlzog8QgASABoAHohMUgAKAA1lhbGlhc0RhdGFccmVsYXRpdmVQYXRo0hgMGRpXTlMuZGF0YU8RAjYAAAAAAjYAAgAADE1hY2ludG9zaCBIRAAAAAAAAAAAAAAAAAAAALZ1+u1IKwAAAAkVNB9MaW5lYXIgZW5jb2RpbmdzIG9mIEwjOTE1OUQucGRmAAAAAAAAAAAAAAAAAAAAAAAAAAAAAAAAAAAAAAAAAAAACRWdy5qi6AAAAAAAAAAAAAEAAwAACSAAAAAAAAAAAAAAAAAAAAAMT3RoZXIgcGFwZXJzABAACAAAtnWKbQAAABEACAAAy5oyaAAAAAEAFAAJFTQACMInAAUC5AAFAuMAAhA2AAIAX01hY2ludG9zaCBIRDpVc2VyczoAbWFjYm9vazoARG9jdW1lbnRzOgBSZXNlYXJjaDoAT3RoZXIgcGFwZXJzOgBMaW5lYXIgZW5jb2RpbmdzIG9mIEwjOTE1OUQucGRmAAAOAGYAMgBMAGkAbgBlAGEAcgAgAGUAbgBjAG8AZABpAG4AZwBzACAAbwBmACAATABUAEwAIABiAG8AdQBuAGQAZQBkACAAbQBvAGQAZQBsACAAYwBoAGUAYwBrAGkAbgBnAC4AcABkAGYADwAaAAwATQBhAGMAaQBuAHQAbwBzAGgAIABIAEQAEgBgVXNlcnMvbWFjYm9vay9Eb2N1bWVudHMvUmVzZWFyY2gvT3RoZXIgcGFwZXJzL0xpbmVhciBlbmNvZGluZ3Mgb2YgTFRMIGJvdW5kZWQgbW9kZWwgY2hlY2tpbmcucGRmABMAAS8AABUAAgAO//8AAIAF0hwdHh9YJGNsYXNzZXNaJGNsYXNzbmFtZaMfICFdTlNNdXRhYmxlRGF0YVZOU0RhdGFYTlNPYmplY3RfEEsuLi9SZXNlYXJjaC9PdGhlciBwYXBlcnMvTGluZWFyIGVuY29kaW5ncyBvZiBMVEwgYm91bmRlZCBtb2RlbCBjaGVja2luZy5wZGbSHB0kJaIlIVxOU0RpY3Rpb25hcnkSAAGGoF8QD05TS2V5ZWRBcmNoaXZlcgAIABEAFgAfACgAMgA1ADoAPABFAEsAUgBdAGQAbABvAHEAcwB1AHgAegB8AIYAkwCYAKAC2gLcAuEC6gL1AvkDBwMOAxcDZQNqA20DegN/AAAAAAAAAgEAAAAAAAAAKAAAAAAAAAAAAAAAAAAAA5E=}}

@inproceedings{LBHJ05,
	Author = {T. Latvala and A. Biere and K. Heljanko and T. Junttila},
	Booktitle = {VMCAI'05},
	Date-Added = {2012-12-27 11:55:13 +0000},
	Date-Modified = {2013-01-17 08:34:03 +0000},
	Pages = {380--395},
	Publisher = {Springer},
	Series = {Lecture Notes in Computer Science},
	Title = {Simple is better: Efficient bounded model checking for past {LTL}},
	Volume = {3385},
	Year = {2005}}

@inproceedings{LBHJ04,
	Author = {T. Latvala and A. Biere and K. Heljanko and T. Junttila},
	Booktitle = {Formal Methods in Computer-Aided Design 2004 (FMCAD'04)},
	Date-Added = {2012-12-27 11:54:03 +0000},
	Date-Modified = {2012-12-27 11:54:03 +0000},
	Editor = {A. Hu and A. Martin},
	Pages = {186-200},
	Publisher = {Springer-Verlag},
	Series = {Lecture Notes in Computer Science},
	Title = {Simple Bounded {LTL} Model Checking},
	Volume = {3312},
	Year = {2004}}

@article{Bra98,
	Author = {J. C. Bradfield},
	Date-Added = {2012-03-24 15:55:57 +0000},
	Date-Modified = {2012-03-24 15:57:19 +0000},
	Journal = {Theoretical Computer Science},
	Month = {March},
	Number = {2},
	Pages = {133--153},
	Title = {The modal mu-calculus alternation hierarchy is strict},
	Volume = {195},
	Year = {1998},
	Bdsk-File-1 = {YnBsaXN0MDDUAQIDBAUIJidUJHRvcFgkb2JqZWN0c1gkdmVyc2lvblkkYXJjaGl2ZXLRBgdUcm9vdIABqAkKFRYXGyIjVSRudWxs0wsMDQ4RElpOUy5vYmplY3RzViRjbGFzc1dOUy5rZXlzog8QgASABoAHohMUgAKAA1lhbGlhc0RhdGFccmVsYXRpdmVQYXRo0hgMGRpXTlMuZGF0YU8RAkwAAAAAAkwAAgAADE1hY2ludG9zaCBIRAAAAAAAAAAAAAAAAAAAALZ1+u1IKwAAAAkVNB9UaGUgbW9kYWwgbXUtY2FsY3VsdXMjOTE1QzkucGRmAAAAAAAAAAAAAAAAAAAAAAAAAAAAAAAAAAAAAAAAAAAACRXJwVpa0AAAAAAAAAAAAAEAAwAACSAAAAAAAAAAAAAAAAAAAAAMT3RoZXIgcGFwZXJzABAACAAAtnWKbQAAABEACAAAwVnqUAAAAAEAFAAJFTQACMInAAUC5AAFAuMAAhA2AAIAX01hY2ludG9zaCBIRDpVc2VyczoAbWFjYm9vazoARG9jdW1lbnRzOgBSZXNlYXJjaDoAT3RoZXIgcGFwZXJzOgBUaGUgbW9kYWwgbXUtY2FsY3VsdXMjOTE1QzkucGRmAAAOAHQAOQBUAGgAZQAgAG0AbwBkAGEAbAAgAG0AdQAtAGMAYQBsAGMAdQBsAHUAcwAgAGEAbAB0AGUAcgBuAGEAdABpAG8AbgAgAGgAaQBlAHIAYQByAGMAaAB5ACAAaQBzACAAcwB0AHIAaQBjAHQALgBwAGQAZgAPABoADABNAGEAYwBpAG4AdABvAHMAaAAgAEgARAASAGdVc2Vycy9tYWNib29rL0RvY3VtZW50cy9SZXNlYXJjaC9PdGhlciBwYXBlcnMvVGhlIG1vZGFsIG11LWNhbGN1bHVzIGFsdGVybmF0aW9uIGhpZXJhcmNoeSBpcyBzdHJpY3QucGRmAAATAAEvAAAVAAIADv//AACABdIcHR4fWCRjbGFzc2VzWiRjbGFzc25hbWWjHyAhXU5TTXV0YWJsZURhdGFWTlNEYXRhWE5TT2JqZWN0XxBSLi4vUmVzZWFyY2gvT3RoZXIgcGFwZXJzL1RoZSBtb2RhbCBtdS1jYWxjdWx1cyBhbHRlcm5hdGlvbiBoaWVyYXJjaHkgaXMgc3RyaWN0LnBkZtIcHSQloiUhXE5TRGljdGlvbmFyeRIAAYagXxAPTlNLZXllZEFyY2hpdmVyAAgAEQAWAB8AKAAyADUAOgA8AEUASwBSAF0AZABsAG8AcQBzAHUAeAB6AHwAhgCTAJgAoALwAvIC9wMAAwsDDwMdAyQDLQOCA4cDigOXA5wAAAAAAAACAQAAAAAAAAAoAAAAAAAAAAAAAAAAAAADrg==}}

@inproceedings{Bra11,
	Author = {A. R. Bradly},
	Booktitle = {VMCAI'11},
	Date-Added = {2014-01-27 13:32:36 +0000},
	Date-Modified = {2014-01-27 13:34:55 +0000},
	Editor = {R. Jhala and D. A. Schmidt},
	Pages = {70--87},
	Publisher = {Springer},
	Series = {Lecture Notes in Computer Science},
	Title = {{SAT}-based model checking without unrolling},
	Volume = {6538},
	Year = {2011}}

@inproceedings{Bra12,
	Author = {A. R. Bradly},
	Booktitle = {SAT'12},
	Date-Added = {2014-01-27 13:45:20 +0000},
	Date-Modified = {2014-01-27 13:47:03 +0000},
	Editor = {A. Cimatti and R. Sebastiani},
	Pages = {1--14},
	Publisher = {Springer},
	Series = {Lecture Notes in Computer Science},
	Title = {Understanding {IC3}},
	Volume = {7317},
	Year = {2012}}

@inproceedings{BSH11,
	Author = {A. R. Bradly and F. Somenzi and Z. Hassan},
	Booktitle = {FMCAD 2011},
	Pages = {144-153},
	Title = {An incremental approach to model checking progress properties},
	Year = {2011}}

@inproceedings{CZ09,
	Author = {T. Colcombet and K. Zdanowski},
	Booktitle = {36 th International Colloquium on Automata, Language and Programming 2009 (ICALP'09)},
	Date-Added = {2012-03-20 13:12:36 +0000},
	Date-Modified = {2012-03-20 13:19:08 +0000},
	Pages = {151--162},
	Publisher = {Springer},
	Series = {Lecture Notes in Computer Science},
	Title = {A Tight Bound for Determinization of Transition Labeled B{\"u}chi Automata},
	Volume = {5556},
	Year = {2009},
	Bdsk-File-1 = {YnBsaXN0MDDUAQIDBAUIJidUJHRvcFgkb2JqZWN0c1gkdmVyc2lvblkkYXJjaGl2ZXLRBgdUcm9vdIABqAkKFRYXGyIjVSRudWxs0wsMDQ4RElpOUy5vYmplY3RzViRjbGFzc1dOUy5rZXlzog8QgASABoAHohMUgAKAA1lhbGlhc0RhdGFccmVsYXRpdmVQYXRo0hgMGRpXTlMuZGF0YU8RAd4AAAAAAd4AAgAADE1hY2ludG9zaCBIRAAAAAAAAAAAAAAAAAAAALZ1+u1IKwAAAAkVNBdBIFRpZ2h0IExvd2VyIGJvdW5kLnBkZgAAAAAAAAAAAAAAAAAAAAAAAAAAAAAAAAAAAAAAAAAAAAAAAAAAAAAACRU9y4rp/AAAAAAAAAAAAAEAAwAACSAAAAAAAAAAAAAAAAAAAAAMT3RoZXIgcGFwZXJzABAACAAAtnWKbQAAABEACAAAy4p5fAAAAAEAFAAJFTQACMInAAUC5AAFAuMAAhA2AAIAV01hY2ludG9zaCBIRDpVc2VyczoAbWFjYm9vazoARG9jdW1lbnRzOgBSZXNlYXJjaDoAT3RoZXIgcGFwZXJzOgBBIFRpZ2h0IExvd2VyIGJvdW5kLnBkZgAADgAwABcAQQAgAFQAaQBnAGgAdAAgAEwAbwB3AGUAcgAgAGIAbwB1AG4AZAAuAHAAZABmAA8AGgAMAE0AYQBjAGkAbgB0AG8AcwBoACAASABEABIARVVzZXJzL21hY2Jvb2svRG9jdW1lbnRzL1Jlc2VhcmNoL090aGVyIHBhcGVycy9BIFRpZ2h0IExvd2VyIGJvdW5kLnBkZgAAEwABLwAAFQACAA7//wAAgAXSHB0eH1gkY2xhc3Nlc1okY2xhc3NuYW1lox8gIV1OU011dGFibGVEYXRhVk5TRGF0YVhOU09iamVjdF8QMC4uL1Jlc2VhcmNoL090aGVyIHBhcGVycy9BIFRpZ2h0IExvd2VyIGJvdW5kLnBkZtIcHSQloiUhXE5TRGljdGlvbmFyeRIAAYagXxAPTlNLZXllZEFyY2hpdmVyAAgAEQAWAB8AKAAyADUAOgA8AEUASwBSAF0AZABsAG8AcQBzAHUAeAB6AHwAhgCTAJgAoAKCAoQCiQKSAp0CoQKvArYCvwLyAvcC+gMHAwwAAAAAAAACAQAAAAAAAAAoAAAAAAAAAAAAAAAAAAADHg==}}

@inproceedings{CPRS02,
	Author = {A. Cimatti and M. Pistore and M. Roveri and R. Sebastiani},
	Booktitle = {VMCAI'02},
	Date-Added = {2012-01-14 17:07:44 +0000},
	Date-Modified = {2012-12-28 16:41:08 +0000},
	Pages = {196--207},
	Publisher = {Springer},
	Series = {Lecture Notes in Computer Science},
	Title = {Improving the Encoding of {LTL} Model Checking into {SAT}},
	Volume = {2294},
	Year = {2002}}

@inproceedings{Tau99,
	Author = {H. Taurainen},
	Booktitle = {Workshop of Concurrency Specifications and Programming},
	Date-Added = {2012-01-14 08:56:41 +0000},
	Date-Modified = {2012-01-14 09:01:45 +0000},
	Pages = {251--262},
	Publisher = {Springer},
	Title = {A randomized testbench for algorithms translating linear temporal logic formulae into {B\"u}chi automata},
	Year = {1999}}

@inproceedings{AEKV05,
	Author = {R. Armoni and S. Egorov and R. Fraer and D. Korchemny and Moshe Y. Vardi},
	Booktitle = {International Conference on Computer-Aided Design (ICCAD'05)},
	Date-Added = {2012-01-12 16:35:40 +0000},
	Date-Modified = {2012-01-17 13:49:19 +0000},
	Pages = {877--884},
	Publisher = {IEEE Computer Society},
	Title = {Efficient {LTL} compilation for {SAT}-based model checking},
	Year = {2005}}

@incollection{Sti95,
	Author = {C. Stirling},
	Booktitle = {CONCUR '95},
	Date-Added = {2012-01-12 15:51:19 +0000},
	Date-Modified = {2012-01-12 15:53:21 +0000},
	Pages = {1--11},
	Publisher = {Springer},
	Series = {Lecture Notes in Computer Science},
	Title = {Local model checking games (extended abstract)},
	Volume = {962},
	Year = {1995}}

@incollection{SW89,
	Author = {C. Stirling and D. Walker},
	Booktitle = {TAPSOFT '89},
	Date-Added = {2012-01-12 15:48:42 +0000},
	Date-Modified = {2012-01-12 15:50:49 +0000},
	Editor = {D{\'\i}az, Josep and Orejas, Fernando},
	Pages = {369--383},
	Publisher = {Springer Berlin / Heidelberg},
	Series = {Lecture Notes in Computer Science},
	Title = {Local model checking in the modal mu-calculus},
	Volume = {351},
	Year = {1989}}

@article{CGMP99,
	Author = {E. M. Clarke and O. Grumburg and M. Minea and D. Peled},
	Journal = {STTT},
	Pages = {279--287},
	Title = {State Space Reduction using Partial Order Techniques},
	Volume = {2},
	Year = {1999}}

@article{BS92,
	Author = {J. Bradfield and C. Stirling},
	Date-Added = {2012-01-12 15:41:59 +0000},
	Date-Modified = {2012-01-12 15:43:39 +0000},
	Journal = {Theoretical Computer Science},
	Number = {1},
	Pages = {157 - 174},
	Title = {Local model checking for infinite state spaces},
	Volume = {96},
	Year = {1992}}

@inproceedings{RV11,
	Author = {K. Y. Rozier and M. Y. Vardi},
	Booktitle = {Formal Methods 2011},
	Date-Added = {2012-01-12 13:17:20 +0000},
	Date-Modified = {2012-01-12 13:57:11 +0000},
	Pages = {417--431},
	Publisher = {Springer},
	Series = {Lecture Notes in Computer Science},
	Title = {A Multi-Encoding Approach for LTL Symbolic Satisfiability Checking},
	Volume = {6664},
	Year = {2011}}

@inproceedings{Var07b,
	Author = {M. Y. Vardi},
	Booktitle = {VMCAI'07},
	Date-Added = {2012-01-12 10:52:16 +0000},
	Date-Modified = {2012-01-12 10:56:11 +0000},
	Pages = {137--150},
	Publisher = {Springer},
	Series = {Lecture Notes in Computer Science},
	Title = {Automata-theoretic model checking revisited.},
	Volume = {4349},
	Year = {2007}}

@article{Thi02,
	Author = {X. Thirioux},
	Date-Added = {2012-01-11 13:41:11 +0000},
	Date-Modified = {2012-01-11 13:43:00 +0000},
	Journal = {ENTCS},
	Number = {2},
	Pages = {145--159},
	Title = {Simple and efficient translation from {LTL} to {B}{\"u}chi automata},
	Volume = {66},
	Year = {2002}}

@inproceedings{ST03,
	Author = {R. Sebastiani and S. Tonetta},
	Booktitle = {CHARME'03},
	Date-Added = {2012-01-11 09:27:56 +0000},
	Date-Modified = {2012-01-11 10:16:21 +0000},
	Pages = {126--140},
	Publisher = {Springer},
	Series = {Lecture Notes in Computer Science},
	Title = {``{M}ore deterministic'' vs. ``{S}maller'' {B}{\"u}chi automata for efficient {LTL} model checking},
	Volume = {2860},
	Year = {2003}}

@inproceedings{ABK04,
	Author = {B. Aminof and T. Ball and O. Kupferman},
	Booktitle = {Proc. 11th International Conference on Logic for Programming Artificial Intelligence and Reasoning},
	Pages = {194--208},
	Publisher = {Springer-Verlag},
	Series = {Lecture Notes in Computer Science},
	Title = {Reasoning about systems with transition fairness},
	Volume = {3452},
	Year = {2004}}

@article{AC76,
	Author = {F. E. Allen and J. A. Cocke},
	Journal = {Communic Ations of the ACM},
	Number = {3},
	Pages = {137--174},
	Title = {A Program Data-Flow Analysis Procedure},
	Volume = {19},
	Year = {1976}}

@misc{Acc04,
	Author = {Accellera},
	Howpublished = {http://www.eda.org/vfv/docs/PSL-v1.1.pdf},
	Month = {June},
	Title = {Accellera Property Languages Reference Manual},
	Year = {2004}}

@article{ACW90,
	Author = {S. Aggarwal and C. Courcoubetis and P. Wolper},
	Journal = {{ACM} Transactions on Programming Languages and Systems},
	Number = 2,
	Pages = {303--339},
	Title = {Adding Liveness Properties to Coupled Finite-State Machines},
	Volume = 12,
	Year = {1990}}

@inproceedings{AFF+02,
	Author = {R. Armoni and L. Fix and A. Flaisher and R. Gerth and B. Ginsburg and T. Kanza and A. Landver and S. Mador-Haim and E. Singerman and A. Tiemeyer and M. Y. Vardi and Y. Zbar},
	Booktitle = {TACAS'02},
	Pages = {296--311},
	Publisher = {Springer},
	Series = {Lecture Notes in Computer Science},
	Title = {The {ForSpec} Temporal Logic: A New Temporal Property-Specification Language},
	Volume = {2280},
	Year = {2002}}

@article{AFF+05,
	Author = {R. Armoni and L. Fix and R. Fraer and S. Huddleston and N. Piterman and M. Y. Vardi},
	Journal = {Electr. Notes Theor. Comput. Sci.},
	Number = {2},
	Pages = {3-16},
	Title = {SAT-based Induction for Temporal Safety Properties.},
	Volume = {119},
	Year = {2005}}

@article{AK86,
	Author = {K. Apt and D. Kozen},
	Journal = {Information Processing Letters},
	Pages = {307--309},
	Title = {Limits for Automatic Verification of Finite-state Systems},
	Volume = {15},
	Year = {1986}}

@inproceedings{AK06,
	Author = {B. Aminof and O. Kupferman},
	Booktitle = {4th International Symposium on Automated Technology for Verification and Analysis},
	Pages = {125-140},
	Publisher = {Springer-Verlag},
	Series = {Lecture Notes in Computer Science},
	Title = {On the succinctness of nondeterminizm},
	Volume = {4218},
	Year = 2006}

@inproceedings{ALW89,
	Author = {M. Abadi and L. Lamport and P. Wolper},
	Booktitle = {Proc. 16th Int. Colloquium on Automata, Languages and Programming},
	Month = {July},
	Pages = {1--17},
	Publisher = {Springer-Verlag},
	Series = {Lecture Notes in Computer Science},
	Title = {Realizable and Unrealizable Concurrent Program Specifications},
	Volume = 372,
	Year = {1989}}

@techreport{Bar85,
	Author = {H. Barringer},
	Institution = {Department of Computer Science, University of Manchester},
	Month = sep,
	Number = {UMCS-85-9-3},
	Title = {Up and down the Temporal Way.},
	Type = {Technical Reports},
	Year = 1985}

@inproceedings{BB87,
	Author = {B. Banieqbal and H. Barringer},
	Booktitle = {B. Banieqbal, H. Barringer, and A. Pnueli, editors, Temporal Logic in Specification},
	Pages = {62--74},
	Publisher = {Springer-Verlag},
	Series = {Lecture Notes in Computer Science},
	Title = {Temporal logic with fixed points},
	Volume = {398},
	Year = 1987}

@inproceedings{BBE+01,
	Address = {London, UK},
	Author = {I. Beer and S. Ben-David and C. Eisner and D. Fisman and A. Gringauze and Y. Rodeh},
	Booktitle = {13th International Conference on Computer Aided Verification},
	Editor = {G. Berry and H. Comon and A. Frinkel},
	Pages = {363--367},
	Publisher = {Springer-Verlag},
	Series = {Lecture Notes in Computer Science},
	Title = {The Temporal Logic Sugar},
	Volume = {2102},
	Year = {2001}}

@inproceedings{BBEL96,
	Author = {I. Beer and S. Ben-David and C. Eisner and A. Landver},
	Booktitle = {33rd Design Automation Conference},
	Pages = {655--660},
	Publisher = {ACM Press},
	Title = {\textsc{RuleBase}: an Industry-Oriented Formal Verification Tool},
	Year = {1996}}

@article{BCG89,
	Author = {M.C. Browne and E.M. Clarke and O. Grumberg},
	Journal = {Information and Computation},
	Number = {1},
	Pages = {13--31},
	Title = {Reasoing about Networks with Many Identical Finite-state Process},
	Volume = {81},
	Year = {1989}}

@article{BCMDH92,
	Author = {J.R. Burch and E.M. Clarke and K.L. McMillan and D.L. Dill and L.J. Hwang},
	Date-Modified = {2012-01-14 09:08:21 +0000},
	Journal = {Information and Computation},
	Number = {2},
	Pages = {142--170},
	Title = {Symbolic Model Checking $10^{20}$ States and Beyond},
	Volume = {98},
	Year = {1992}}

@inproceedings{BCCZ99,
	Author = {A. Biere and A. Cimatti and E. M. Clarke and Y. Zhu.},
	Booktitle = {Proceedings of the 5th International Conference on Tools and Algorithms for the Construction and Analysis of Systems (TACAS)},
	Date-Modified = {2013-01-17 08:33:12 +0000},
	Pages = {193--207},
	Publisher = {Springer-Verlag},
	Series = {Lecture Notes in Computer Science},
	Title = {Symbolic Model Checking without {BDD}s},
	Volume = {1579},
	Year = {1999}}

@incollection{BCW93a,
	Author = {M. Baudinet and J. Chomicki and P. Wolper},
	Booktitle = {Temporal Databases. Theory, Design, and Implementation},
	Chapter = 13,
	Editor = {A. U. Tansel, J. Clifford, S. Gadia, S. Jajodia, A. Segev and R. Snodgrass},
	Pages = {294--320},
	Publisher = {Benjamin/Cummings},
	Title = {Temporal Deductive Databases},
	Year = 1993}

@inproceedings{BCW93b,
	Address = {Arlington, Texas},
	Author = {M. Baudinet and J. Chomicki and P. Wolper},
	Booktitle = {Proceedings of the International Workshop on an Infrastructure for Temporal Databases},
	Editor = {R.~Snodgrass},
	Month = {June},
	Title = {Temporal Databases: Beyond Finite Extensions (position paper)},
	Year = 1993}

@inproceedings{BCW95,
	Address = {Prague},
	Author = {M. Baudinet and J. Chomicki and P. Wolper},
	Booktitle = {Proceedings 5th International Conference on Database Theory (ICDT)},
	Month = {January},
	Pages = {322--337},
	Publisher = {Springer-Verlag},
	Series = {Lecture Notes in Computer Science},
	Title = {Constraint-Generating Dependencies},
	Volume = {893},
	Year = 1995}

@article{BCW99,
	Author = {M. Baudinet and J. Chomicki and P. Wolper},
	Journal = {Journal of Computer and System Sciences},
	Number = 1,
	Pages = {94--115},
	Title = {Constraint-Generating Dependencies},
	Volume = 59,
	Year = 1999}

@article{BEFMRWW00,
	Author = {A. Bouajjan and J. Esparza and A. Finkel and O. Maler and P. Rossmanith and B. Willems and P. Wolper},
	Journal = {Information Processing Letters},
	Month = {June},
	Number = {5-6},
	Pages = {221-227},
	Title = {An efficient automata approach to some problems on context-free grammars},
	Volume = 74,
	Year = 2000}

@phdthesis{Ber02,
	Address = {Pittsburgh, PA, USA},
	Author = {S. Berezin},
	Month = {Jan.},
	School = {Carnegie Mellon University},
	Title = {Model Checking and Theorem Proving: A Unified Framework},
	Type = {PhD thesis},
	Year = {2002}}

@inproceedings{BFGKV05,
	Author = {D. Bustan and A. Flaisher and O. Grumberg and O. Kupferman and M.Y. Vardi},
	Booktitle = {13th Advanced Research Working Conference on Correct Hardware Design and Verification Methods},
	Pages = {191-206},
	Publisher = {Springer-Verlag},
	Series = {Lecture Notes in Computer Science},
	Title = {Regular vacuity},
	Volume = {3725},
	Year = {2005}}

@techreport{BFH05,
	Author = {D. Bustan and D. Fisman and J. Havlicek},
	Institution = {IBM Haifa Research Lab},
	Month = {May},
	Number = {MCS05-04},
	Title = {Automata Construction for {PSL}},
	Year = {2005}}

@article{BFR08,
	Author = {S. Ben-David and D. Fisman and S. Ruah},
	Journal = {Theoretical Computer Science},
	Month = {Sep},
	Pages = {202--218},
	Title = {Embedding Finite Automata within Regular Expressions},
	Volume = {404},
	Year = {2008}}

@inproceedings{BG93,
	Address = {Hildesheim},
	Author = {O. Bernholtz and O. Grumberg},
	Booktitle = {Proc. 4th Conferance on Concurrency Theory},
	Month = {August},
	Pages = {262--277},
	Publisher = {Springer-Verlag},
	Series = {Lecture Notes in Computer Science},
	Title = {Branching time temporal logic and amorphpus tree automata},
	Volume = {715},
	Year = 1993}

@article{BGJPPW07,
	Author = {R. Bloem and S. Galler and B. Jobstmann and N. Piterman and A. Pnueli and M. Weiglhofer},
	Journal = {ENTCS},
	Number = 4,
	Pages = {3--16},
	Title = {Specify, Compile, Run: Hardware from {PSL}},
	Volume = 190,
	Year = {2007}}

@inproceedings{BGWW97,
	Address = {Paris},
	Author = {B. Boigelot and P. Godefroid and B. Willems and P. Wolper},
	Booktitle = {Proc. of Int. Static Analysis Symposium},
	Month = {September},
	Pages = {172--186},
	Publisher = {Springer-Verlag},
	Series = {Lecture Notes in Computer Science},
	Title = {The Power of QDD's},
	Volume = {1302},
	Year = {1997}}

@article{BHJM07,
	Author = {D. Beyer and T. A. Henzinger and R. Jhala},
	Journal = {Int. Journal of Software Tools Technol Transfer},
	Pages = {505--525},
	Title = {The Software Model Checker BLAST},
	Volume = {9},
	Year = {2007}}

@article{Bir93,
	Author = {J.C. Birget},
	Journal = {Mathematical Systems Theory},
	Number = {3},
	Pages = {237--269},
	Title = {State-Complexity of Finite-State Devices, State Compressibility and Incompressibility},
	Volume = {26},
	Year = {1993}}

@inproceedings{BJNT00,
	Author = {A. Bouajjani and B. Jonsson and M. Nilsson and T. Touili1},
	Booktitle = {Computer Aided Verification (CAV'00)},
	Editor = {E. A. Emerson and A. P. Sistla},
	Pages = {403--418},
	Series = {Lecture Notes in Computer Science},
	Title = {Regular Model Checking},
	Volume = {1855},
	Year = {2000}}

@inproceedings{BJW01,
	Address = {Siena},
	Author = {B. Boigelot and S. Jodogne and P. Wolper},
	Booktitle = {Proc. International Joint Conference on Automated Reasoning (IJCAR)},
	Month = {June},
	Pages = {611--625},
	Publisher = {Springer-Verlag},
	Series = {Lecture Notes in Computer Science},
	Title = {On the Use of Weak Automata for Deciding Linear Arithmetic with Integer and Real Variables},
	Volume = {2083},
	Year = {2001}}

@article{BJW05,
	Author = {B. Boigelot and S. Jodogne and P. Wolper},
	Journal = {ACM transactions on Computational Logic},
	Month = {July},
	Number = {3},
	Pages = {614--633},
	Title = {On the Use of Weak Automata for Deciding Linear Arithmetic with Integer and Real Variables},
	Volume = {6},
	Year = {2005}}

@inproceedings{BK06,
	Author = {T. Ball and O. Kupferman},
	Booktitle = {Proc. 21st {IEEE} Symp. on Logic in Computer Science},
	Title = {An Abstraction-Refinement Framework for Multi-Agent Systems},
	Year = {2006}}

@inproceedings{BKV04,
	Author = {D. Bustan and O. Kupferman and M.Y. Vardi},
	Booktitle = {Proc. 21st Symp. on Theoretical Aspects of Computer Science},
	Publisher = {Springer-Verlag},
	Series = {Lecture Notes in Computer Science},
	Title = {A Measured Collapse of The Modal $\mu$-Calculus Alternation Hierarchy},
	Year = {2004}}

@inproceedings{BLMV06,
	Author = {P. A. Bonatti and C. Lutz and A. Murano and M. Y. Vardi},
	Booktitle = {ICALP 2006},
	Pages = {540--551},
	Publisher = {Springer},
	Series = {Lecture Notes in Computer Science},
	Title = {The Complexity of Enriched $\mu$-Calculi.},
	Volume = {4052},
	Year = {2006}}

@inproceedings{BLW03,
	Address = {Boulder},
	Author = {B. Boigelot and A. Legay and P. Wolper},
	Booktitle = {Proc. 15th Int. Conf. on Computer Aided Verification},
	Month = {July},
	Pages = {223--235},
	Publisher = {Springer-Verlag},
	Series = {Lecture Notes in Computer Science},
	Title = {Iterating Transducers in the Large},
	Volume = {2725},
	Year = {2003}}

@inproceedings{BLW04,
	Address = {Barcelona, Spain},
	Author = {B. Boigelot and A. Legay and P. Wolper},
	Booktitle = {Tools and Algorithms for the Construction and Analysis of Systems, 10th International Conference, TACAS 2004},
	Month = {March},
	Pages = {561--575},
	Publisher = {Springer-Verlag},
	Series = {Lecture Notes in Computer Science},
	Title = {Omega-Regular Model Checking},
	Volume = {2988},
	Year = {2004}}

@article{BLS11,
	Author = {A. Bauer and M. Leucker and C. Schallhart},
	Journal = {ACM Transactions on Software Engineering and Methodology},
	Pages = {1--64},
	Title = {Runtime Verification for {LTL} and {TLTL}},
	Year = {2011}}

@inproceedings{BNW91,
	Address = {Denver, Collorado},
	Author = {M. Baudinet and M. Ni\'ezette and P. Wolper},
	Booktitle = {Proc. of the 10thth ACM Symposium on Principles of Database Systems},
	Pages = {280--290},
	Title = {On the Representation of Infinite Temporal Data and Queries},
	Year = 1991}

@inproceedings{Boj08,
	Author = {M. Boja{\'n}czyk},
	Booktitle = {FOSSACS'08},
	Editor = {R. Amadio},
	Pages = {172--185},
	Publisher = {Springer-Verlag},
	Series = {Lecture Notes in Computer Science},
	Title = {The Common Fragment of ACTL and LTL},
	Volume = {4962},
	Year = {2008}}

@inproceedings{BR02,
	Author = {T. Ball and S.K. Rajamami},
	Booktitle = {ACM Annual Symposium of Principle on Programmming Language (POPL)'02},
	Pages = {1--3},
	Publisher = {ACM Press},
	Title = {The {SLAM} Project: Debugging System Software via Static Analysis},
	Year = {2002}}

@inproceedings{BRW98,
	Author = {B. Boigelot and S. Rassart and P. Wolper},
	Booktitle = {Proc. 25th Colloq. on Automata, Programming, and Languages (ICALP)},
	Month = {July},
	Pages = {152--163},
	Publisher = {Springer-Verlag},
	Series = {Lecture Notes in Computer Science},
	Title = {On the Expressiveness of Real and Integer Arithmetic Automata},
	Volume = {1443},
	Year = 1998}

@article{Bry86,
	Author = {R. E. Bryant},
	Journal = {IEEE Transactions on Computers},
	Number = {8},
	Pages = {677--691},
	Title = {Graph-based algorithms for boolean function manipulation},
	Volume = {C-35},
	Year = 1986}

@article{BP04,
	Author = {P.A. Bonatti and A. Peron},
	Journal = {Artificial Intelligence},
	Number = 1,
	Pages = {75--96},
	Title = {On the undecidability of logics with converse, nominals, recursion and counting},
	Volume = 158,
	Year = 2004}

@inproceedings{BSV03,
	Author = {H. Bjrklund and S. Sandberg and S. Vorobyov},
	Booktitle = {Symposium on Theoretical Aspects of Computer Science, STACS 2003},
	Pages = {663--674},
	Publisher = {Springer-Verlag},
	Series = {Lecture Notes of Computer Science},
	Title = {A discrete subexponential algorithm for parity games},
	Volume = {2607},
	Year = {2003}}

@inproceedings{Buc62,
	Address = {Palo Alto, CA, USA},
	Author = {J.R. B{\"u}chi},
	Booktitle = {Proc. Int. Congr. Method and Philosophy of Science 1960},
	Pages = {1--12},
	Publisher = {Stanford University Press},
	Title = {On A Decision Method in Restricted Second Order Arithmetic},
	Year = {1962}}

@inproceedings{Bur74,
	Author = {R. M. Burstall},
	Booktitle = {IFIP Congress},
	Pages = {308--312},
	Title = {Program Proving as Hand Simulation with A Little Induction},
	Year = {1974}}

@inproceedings{BVW94,
	Address = {Stanford, California},
	Author = {O. Bernholtz and M. Y. Vardi and P. Wolper},
	Booktitle = {Computer Aided Verification, Proc. 6th Int. Workshop},
	Month = {June},
	Pages = {142--155},
	Publisher = {Springer-Verlag},
	Series = {Lecture Notes in Computer Science},
	Title = {An Automata-Theoretic Approach to Branching-Time Model Checking},
	Volume = 818,
	Year = {1994}}

@inproceedings{BW94,
	Address = {Stanford, California},
	Author = {Bernard Boigelot and Pierre Wolper},
	Booktitle = {Computer Aided Verification, Proc. 6th Int. Conference},
	Month = {June},
	Pages = {55--67},
	Publisher = {Springer-Verlag},
	Series = {Lecture Notes in Computer Science},
	Title = {Symbolic Verification with Periodic Sets},
	Volume = 818,
	Year = {1994}}

@inproceedings{BW02,
	Address = {Copenhagen},
	Author = {B. Boigelot and P. Wolper},
	Booktitle = {Proc. International Conference on Logic Programming (ICLP)},
	Month = {July},
	Pages = {1--19},
	Publisher = {Springer-Verlag},
	Series = {Lecture Notes in Computer Science},
	Title = {Representing Arithmetic Constraints with Finite Automata: An Overview},
	Volume = {2401},
	Year = {2002}}

@inproceedings{BZ07,
	Author = {M. Boule and Z. Zilic},
	Booktitle = {Proceedings of 12th Conference on Asia South Pacific Design Automation},
	Publisher = {IEEE},
	Title = {Efficient Automata-Based Assersion-Checker Synthesis of {SEREs} for Hardware Emulation},
	Year = {2007}}

@inproceedings{CC77,
	Author = {P. Cousot and R. Cousot},
	Booktitle = {ACM Annual Symposium on Principles of Programming Languages},
	Pages = {238--252},
	Publisher = {ACM Press},
	Title = {Abstract Interpretation: A Unified Lattice Model for Static Analysis of Programs by Construction or Approximation of Fixpoints},
	Year = {1977}}

@article{CC79,
	Author = {P. Cousot and R. Cousot},
	Journal = {Pacific Journal of Mathematics},
	Number = {1},
	Pages = {43--57},
	Title = {Constructive Versions of {T}arski's Fixed Point Theorems},
	Volume = {81},
	Year = 1979}

@inproceedings{CCGR99,
	Author = {A. Cimatti and E. Clarke and F. Giunchiglia1 and M. Roveri},
	Booktitle = {CAV'99},
	Pages = {495--499},
	Publisher = {Springer-Verlag},
	Series = {Lecture Notes in Computer Science},
	Title = {{NuSMV}: A New Symbolic Model Verifier},
	Volume = {1633},
	Year = {1999}}

@booklet{CCJ+10,
	Author = {R. Cavada and A. Cimatti and C. A. Jochim and G. Keighren and E. Olivetti and M. Pistore and M. Roveri and A. Tchaltsev},
	Date-Modified = {2012-12-29 07:57:22 +0000},
	Howpublished = {http://nusmv.fbk.eu/NuSMV/userman/v25/nusmv.pdf},
	Title = {{NuSMV} 2.5 User Manual},
	Year = {2010}}

@inproceedings{CD88,
	Author = {E.M. Clarke and I.A. Draghicescu},
	Booktitle = {Proc.Workshop on Linear Time, Branching Time, and Partial Order in Logics and Models for Concurrency},
	Editor = {J.W. de Bakker and W.P. de Roever and G. Rozenberg},
	Pages = {428--437},
	Publisher = {Springer-Verlag},
	Series = {Lecture Notes in Computer Science},
	Title = {Expressibility Results for Linear-time and Branching Time Logics},
	Volume = {354},
	Year = {1988}}

@inproceedings{CDK90,
	Author = {E. M. Clarke and I. A. Draghicescu and R. P. Kurshan},
	Booktitle = {Proceedings of the 15th Colloquium on Trees in Algebra and Programming},
	Editor = {A. Arnold and N. D. Jones},
	Series = {Lecture Notes in Computer Science},
	Title = {A Unified Approach for Showing Lanugage Containment and Equivalence between Various types of $\omega$-automata},
	Volume = {407},
	Year = {1990}}

@inproceedings{CE82,
	Author = {E.M. Clarke and E.A. Emerson},
	Booktitle = {Logic of Programs},
	Editor = {D. Kozen},
	Pages = {52--71},
	Publisher = {Springer-Verlag},
	Series = {Lecture Notes in Computer Science},
	Title = {Design and Synthesis of Synchronization Skeletons Using Branching Time Temporal Logic},
	Volume = {131},
	Year = {1982}}

@inproceedings{CGH94,
	Author = {E.M. Clarke and O. Grumberg and K. Hamaguchi},
	Booktitle = {{CAV'94}},
	Pages = {415--427},
	Publisher = {Springer-Verlag},
	Series = {Lecture Notes in Computer Science},
	Title = {Another Look at {LTL} Model Checking},
	Volume = {818},
	Year = {1994}}

@inproceedings{CGL93,
	Author = {E.M. Clarke and O. Grumberg and D. Long},
	Booktitle = {REX School/Symposium Proceedings},
	Pages = {124--175},
	Publisher = {Springer-Verlag},
	Series = {Lecture Notes in Computer Science},
	Title = {Verification Tools for Finite-State Concurrent Systems},
	Volume = {803},
	Year = {1993}}

@book{CGP99,
	Address = {Longdon, England},
	Author = {E. M. Clarke and O. Grumberg and D. A. Peled},
	Isbn = {0-262-03270-8},
	Publisher = {The MIT Press},
	Title = {Model Checking},
	Year = {1999}}

@inproceedings{CGJV03,
	Author = {E.M. Clarke and A. Groce and S. Jha and H. Veith},
	Booktitle = {International Conference on Software Engineering (ICSE'03)},
	Pages = {385--395},
	Publisher = {IEEE Soc.},
	Title = {Modular Verification of Software Components in C},
	Year = {2003}}

@inproceedings{CHJ05,
	Author = {K. Chatterjee and T.A. Henzinger and M. Jurdzi{\'n}ski},
	Booktitle = {Proceedings, Twentieth Annual IEEE Symposium on Logic in Computer Science, LICS 2005},
	Pages = {178--187},
	Publisher = {IEEE Computer Society Press},
	Title = {Mean-Payoff Parity Games},
	Year = {2005}}

@article{Cho74,
	Author = {Y. Choueka},
	Journal = {Journal of Computer and System Sciences},
	Pages = {117--141},
	Title = {Theories of automata on $\omega$-tapes},
	Volume = {8},
	Year = 1974}

@article{CKS81,
	Author = {A. Chandra and D. Kozen and L. Stockmeyer},
	Journal = {Journal of ACM},
	Pages = {114--133},
	Title = {Alternation},
	Volume = {28},
	Year = 1981}

@inproceedings{CKL04,
	Author = {E.M. Clarke and D. Kroening and F. Lerda},
	Booktitle = {Tools and Algorithms for the Construction and Analysis of Systems (TACAS'04)},
	Pages = {168--176},
	Publisher = {Springer-Verlag},
	Series = {Lecture Notes in Computer Science},
	Title = {A Tool for Checking ANSI-C Programs},
	Volume = {2988},
	Year = {2004}}

@inproceedings{CKOS04,
	Author = {E. M. Clarke and D. Kroening and J. Ouaknine and O. Strichman},
	Booktitle = {In 5th intl. conference on Verification, Model-Checking, and Abstract-Interpretation (VMCAI'04)},
	Editor = {B. Steffen and G. Levi},
	Pages = {85--96},
	Publisher = {Springer-Verlag},
	Series = {Lecture Notes in Computer Science},
	Title = {The Completeness and Complexity for Bounded Model Checking},
	Volume = {2937},
	Year = {2004}}

@inproceedings{Cla08,
	Author = {E.M. Clarke},
	Booktitle = {25 Years of Model Checking},
	Editor = {O. Grumberg and H. Veith},
	Pages = {1--26},
	Publisher = {Springer-Verlag},
	Series = {Lecture Notes in Computer Science},
	Title = {The Birth of Model Checking},
	Volume = {5000},
	Year = {2008}}

@article{Cle90,
	Author = {R. Cleaveland},
	Journal = {Acta Informatica},
	Number = {8},
	Pages = {725--748},
	Title = {Tableau-based Model Checking in the Propositional Mu-Calculus},
	Volume = {27},
	Year = {1990}}

@article{Con92,
	Author = {A. Condon},
	Journal = {Information and Computation},
	Pages = {203--224},
	Title = {The complexity of stochastic games},
	Volume = {96},
	Year = {1992}}

@inproceedings{Cou99,
	Author = {J-M. Couvreur},
	Booktitle = {FM'99},
	Pages = {233--242},
	Series = {Lecture Notes in Computer Science},
	Title = {On-the-fly Verification of Linear Temporal Logic},
	Year = {1999}}

@incollection{CS01,
	Author = {E. M. Clarke and B. Schlingloff},
	Booktitle = {Handbook of Automated Reasoning},
	Chapter = {24},
	Editor = {A. Robinson and A. Voronkov},
	Pages = {1369--1522},
	Publisher = {MIT and Elsevier Science Publishers},
	Title = {Model Checking},
	Volume = {2},
	Year = {2001}}

@inproceedings{CSS03,
	Author = {J-M. Couvreur and N. Saheb and G. Sutre},
	Booktitle = {LPAR 2003},
	Pages = {361-375},
	Publisher = {Springer},
	Series = {Lecture Notes in Computer Science},
	Title = {An Optimal Automata Approach to {LTL} Model Checking of Probabilistic Systems},
	Volume = {2850},
	Year = {2003}}

@inproceedings{CVW86,
	Address = {Berkeley},
	Author = {C. Courcoubetis and M. Y. Vardi and P. Wolper},
	Booktitle = {Proc. 18th ACM Symp. on Theory of Computing},
	Month = {May},
	Pages = {283--294},
	Title = {Reasoning about Fair Concurrent Programs},
	Year = 1986}

@article{CWA+96,
	Author = {E. M. Clarke and J. M. Wing and R. Alur and R. Cleaveland and D. Dill and A. Emerson and S. Garland and S. German and J. Guttag and A, Hall and T. Henzinger and G. Holzmann and C. Jones and R. Kurshan and N. Leveson and K. McMillan and J. Moore and D. Peled and A. Pnueli and J. Rushby and N.Shankar and J. Sifakis and P. Sistla and B. Steffen and P. Wolper and J. Woodcock and P. Zave},
	Journal = {ACM Computing Surveys},
	Month = dec,
	Number = {4},
	Pages = {626--643},
	Title = {Formal Methods: State of the Art and Future Directions},
	Volume = {28},
	Year = {1996}}

@article{CY95,
	Author = {Courcoubetis, Costas and Yannakakis, Mihalis},
	Date-Added = {2014-07-01 14:10:28 +0000},
	Date-Modified = {2014-07-01 14:10:58 +0000},
	Journal = {J. ACM},
	Number = {4},
	Pages = {857-907},
	Title = {The Complexity of Probabilistic Verification},
	Volume = {42},
	Year = {1995}}

@article{CSA+96,
	Author = {R. Cleaveland and S. A. Smolka and R. Alur and J. Baeten and J. A. Bergstra and E. Best and R. {De Nicola} and H. Gill and R, Gorrieri and M. G. Gouda and J. F. Groote and T. A. Henzinger and C. A. R. Hoare and M. David Luginbuhl and A. Meyer and D. Miller and J. Misra and F. Moller and U. Montanari and A. Pnueli and S. Prasad and V. R. Pratt and J. Sifakis and B. Steffen and B. Thomsen and F. Vaandrager and M. Y. Vardi and P. Wolper},
	Journal = {ACM Computing Surveys},
	Month = dec,
	Number = {4},
	Pages = {607--625},
	Title = {Strategic Directions in Concurrency Research},
	Volume = {28},
	Year = {1996}}

@inproceedings{CVWY90,
	Address = {Rutgers},
	Author = {Constantin Courcoubetis and Moshe Y. Vardi and Pierre Wolper and Mihalis Yannakakis},
	Booktitle = {Proc. 2nd Workshop on Computer Aided Verification},
	Month = {June},
	Pages = {233--242},
	Publisher = {Springer-Verlag},
	Series = {Lecture Notes in Computer Science},
	Title = {Memory Efficient Algorithms for the Verification of Temporal Properties},
	Volume = 531,
	Year = 1990}

@article{CVWY92,
	Author = {C. Courcoubetis and M. Y. Vardi and P. Wolper and M. Yannakakis},
	Journal = {Formal Methods in System Design},
	Pages = {275--288},
	Title = {Memory Efficient Algorithms for the Verification of Temporal Properties},
	Volume = 1,
	Year = 1992}

@inproceedings{DGV99,
	Author = {M. Daniele and F. Giunchiglia and M. Y. Vardi},
	Booktitle = {CAV'99},
	Editor = {N. Halbwachs and D. Peled},
	Pages = {249--260},
	Publisher = {Springer-Verlag},
	Series = {Lecture Notes in Computer Science},
	Title = {Improved Automata Generation for Linear Temporal Logic},
	Volume = {1633},
	Year = {1999}}

@inproceedings{DHL06,
	Author = {C. Dax and M. Hofmann and M. Lange},
	Booktitle = {FSTTCS06},
	Editor = {S. Arun-Kumar and N. Garg},
	Pages = {273--284},
	Publisher = {Springer-Verlag},
	Series = {Lecture Notes in Computer Science},
	Title = {A Proof System for the Linear Time $\mu$-Calculus},
	Volume = {4337},
	Year = {2006}}

@inproceedings{EC80,
	Author = {E. Emerson and E. Clarke},
	Booktitle = {Proc. of the 7th Int. Colloquium on Automata, Languages and Programming (ICALP'80)},
	Pages = {169--181},
	Publisher = {Springer-Verlag},
	Series = {Lecture Notes in Computer Science},
	Title = {Characterizing Correctness Properties of Parallel Programs Using Fixpoints},
	Volume = {85},
	Year = 1980}

@article{Ech05,
	Author = {F. Echenique},
	Journal = {International Journal of Game Theory},
	Pages = {215--218},
	Title = {A short and constructive proof of Tarski's fixed-point theorem},
	Volume = {33},
	Year = {2005}}

@book{EF06,
	Author = {C. Eisner and D. Fisman},
	Publisher = {Springer-Verlag},
	Title = {A Practical Introduction to PSL},
	Year = 2006}

@article{EH86,
	Author = {E. A. Emerson and J. Y. Halpern},
	Journal = {Journal of the ACM},
	Number = {1},
	Pages = {151--178},
	Title = {Decision Procedures and Expressiveness in The Temporal Logics of Branching Time},
	Volume = {33},
	Year = {1986}}

@inproceedings{EJ91,
	Author = {E. A. Emerson and C. S. Jutla},
	Booktitle = {32nd Annual IEEE Symposium on Foundations of Computer Science (FOCS'91)},
	Pages = {368--377},
	Title = {Tree Automata, Mu-calculus, and Determinacy},
	Year = 1991}

@inproceedings{EJS93,
	Author = {E. A. Emerson and C. S. Jutla and A. P. Sistla},
	Booktitle = {International Conference on Computer-Aided Verification (CAV'93)},
	Pages = {385--396},
	Publisher = {Springer-Verlag},
	Series = {Lecture Notes in Computer Science},
	Title = {On Model-checking for Fragments of $\mu$-calculus},
	Volume = {697},
	Year = {1993}}

@inproceedings{EL86,
	Author = {E. A. Emerson and C. L. Lei},
	Booktitle = {First IEEE Symposium on Logic in Computer Science},
	Pages = {267--278},
	Publisher = {Los Alamitos: IEEE Computer Society},
	Title = {Efficient Model Checking in Fragments of the Propositional Mu-Calculus},
	Year = {1986}}

@techreport{Esi02,
	Author = {Z. {\'E}sik},
	Institution = {BRICS},
	Month = {Dec.},
	Number = {RS-02-47},
	Title = {Extended Temporal Logic on Finite Words and Wreath Product of Monoids with Distinguished Generators},
	Year = {2002}}

@inproceedings{FFK88,
	Author = {M. Fujita and H. Fujisawa and N. Kawato},
	Booktitle = {IEEE International Conference on Computer Aided Design},
	Pages = {10--13},
	Publisher = {IEEE Society Press},
	Title = {Evaluation and Improveness of Boolean Comparison Method Based on Binary Decision Diagrams},
	Year = {1988}}

@inproceedings{FKV04,
	Author = {E. Friedgut and O. Kupferman and M.Y. Vardi},
	Booktitle = {ATVA' 06},
	Pages = {64--78},
	Publisher = {Springer-Verlag},
	Series = {LNCS},
	Title = {{B{\"u}chi} Complementation Made Tighter},
	Volume = 3299,
	Year = 2004}

@article{FL79,
	Author = {M. J. Fischer and R. E. Ladner},
	Journal = {International Journal of Computer and System Science},
	Number = {7},
	Pages = {194--211},
	Title = {Propositional Dynamic Logic of Regular Programs},
	Volume = {18},
	Year = {1979}}

@inproceedings{FR02,
	Author = {T. French and M. Reynolds},
	Booktitle = {Proceedings of 4th Advances in Modal Logic},
	Pages = {127-148},
	Publisher = {King's College Publications},
	Title = {A Sound and Complete Proof System for $\mathrm{QPTL}$.},
	Year = {2003}}

@inproceedings{FWW97,
	Address = {Bologna},
	Author = {A. Finkel and B. Willems and P. Wolper},
	Booktitle = {Infinity'97, Second International Workshop on Verification of Infinite State Systems},
	Editor = {Faron Moller},
	Month = {July},
	Publisher = {Elsevier Science Publishers},
	Series = {Electronic Notes in Theoretical Computer Science},
	Title = {A direct symbolic approach to model checking pushdown systems},
	Volume = {9},
	Year = {1997}}

@inproceedings{Gab89,
	Author = {D. Gabbay},
	Booktitle = {Temporal Logic in Specification},
	Editor = {B. Banieqbal},
	Pages = {431--448},
	Publisher = {Springer-Verlag},
	Series = {Lecture Notes in Computer Science},
	Title = {The Declarative Past and Imperative Future: Executable Temporal Logic for Interactive Systems},
	Volume = {398},
	Year = {1989}}

@article{GCH97,
	Author = {O. Grumberg and E. Clarke and K. Hamaguchi},
	Journal = {Formal Methods in System Design},
	Month = {February},
	Number = {1},
	Pages = {57--71},
	Title = {Another Look at LTL Model Checking},
	Volume = {10},
	Year = 1997}

@inproceedings{GH82,
	Author = {Y. Gurevich and L. Harrington},
	Booktitle = {STOC'82},
	Pages = {60--65},
	Title = {Trees, Automata, and Games},
	Year = {1982}}

@inproceedings{GHR03,
	Author = {J. Guttman and A. Herzog and J. D. Ramsdell},
	Booktitle = {IFIPWG 1.7Workshop on Issues in the Theory of Security},
	Month = {April},
	Title = {Information Flow in Operating Systems: Eager Formal Methods},
	Year = {2003}}

@misc{GHR05,
	Author = {J. Guttman and A. Herzog and J. D. Ramsdell},
	Howpublished = {http://nusmv.fbk.eu/NuSMV/userman/v24/nusmv.pdf},
	Month = {April},
	Title = {Slat: Information Flow Analysis in Security Enhanced Linux},
	Year = {2005}}

@misc{HLTZ14,
	Author = {E. M. Hahn and W. Liu and A. Turrini and L. Zhang},
	Howpublished = {Submitted},
	Title = {Probabilistic Model Checking against {PCTL}* Specifications},
	Year = {2014}}

@inproceedings{GKSV03,
	Author = {S. Gurumurthy and O. Kupferman and F. Somenzi and M.Y. Vardi},
	Booktitle = {12th Advanced Research Working Conference on Correct Hardware Design and Verification Methods},
	Publisher = {Springer-Verlag},
	Series = {Lecture Notes in Computer Science},
	Title = {On Complementing Nondeterministic {B\"uchi} Automata},
	Year = {2003}}

@article{GL94,
	Author = {O. Grumberg and D. E. Long},
	Journal = {ACM Transactions on Programming Languages and Systems},
	Pages = {843--872},
	Title = {Model Checking and Modular Verification},
	Volume = {16},
	Year = {1996}}

@inproceedings{GL02,
	Author = {D. Giannakopoulou and F. Lerda},
	Booktitle = {FORTE'02},
	Date-Modified = {2012-01-11 09:09:02 +0000},
	Month = {November},
	Pages = {308--326},
	Publisher = {Springer-Verlag},
	Series = {Lecture Notes in Computer Science},
	Title = {From States to Transitions: Improving Translation of LTL Formulae to {B}{\"u}chi Automata},
	Volume = {2529},
	Year = {2002}}

@inproceedings{GLLS05,
	Author = {O. Grumberg and M. Lange and M. Leucker and S. Shoham},
	Booktitle = {Proc. VMCAI'05},
	Pages = {233--249},
	Publisher = {Springer},
	Series = {Lecture Notes in Computer Science},
	Title = {{\it Don't know} in the $\mu$-calculus},
	Volume = {3385},
	Year = {2005}}

@inproceedings{GO01,
	Author = {P. Gastin and D. Oddoux},
	Booktitle = {CAV'01},
	Pages = {53--65},
	Publisher = {Springer-Verlag},
	Series = {Lecture Notes in Computer Science},
	Title = {Fast {LTL} to {B\"uchi} Automata Translation},
	Volume = {2102},
	Year = {2001}}

@inproceedings{GPVW95,
	Address = {Warsaw},
	Author = {R. Gerth and D. Peled and M. Y. Vardi and P. Wolper},
	Booktitle = {Proc. 15th Work. Protocol Specification, Testing, and Verification},
	Date-Modified = {2012-01-11 09:03:31 +0000},
	Month = {June},
	Pages = {3--18},
	Publisher = {Chapman \& Hall},
	Title = {Simple On-the-fly Automatic Verification of Linear Temporal Logic},
	Year = {1995}}

@inproceedings{GPSS80,
	Author = {D. Gabbay and A. Pnueli and S. Shelah and J. Stavi},
	Booktitle = {Proc, 7th ACM Symp. on Principles of Programming Languages (POPL'80)},
	Pages = {163--173},
	Title = {On the Temporal Analysis of Fairness},
	Year = {1980}}

@book{GTW02,
	Author = {E. Gr{\"{a}}del and W. Thomas and T. Wilke},
	Month = {December},
	Publisher = {Springer-Verlag},
	Series = {LNCS},
	Title = {Automata, Logics, and Infinite Games A Guide to Current Research},
	Volume = {2500},
	Year = {2002}}

@inproceedings{GW91a,
	Address = {Amsterdam},
	Author = {P. Godefroid and P. Wolper},
	Booktitle = {Proc. 6th Symp. on Logic in Computer Science},
	Month = {July},
	Pages = {406--415},
	Title = {A Partial Approach To Model Checking},
	Year = 1991}

@inproceedings{GW91b,
	Address = {Aalborg},
	Author = {P. Godefroid and P. Wolper},
	Booktitle = {Proc. 3rd Workshop on Computer Aided Verification},
	Month = {July},
	Pages = {332-342},
	Publisher = {Springer-Verlag},
	Series = {Lecture Notes in Computer Science},
	Title = {Using partial orders for the efficient verification of deadlock freedom and safety properties},
	Volume = 575,
	Year = 1991}

@article{GW93,
	Author = {P. Godefroid and P. Wolper},
	Journal = {Formal Methods in System Design},
	Month = {April},
	Number = 2,
	Pages = {149--164},
	Publisher = {Kluwer Academic Publishers},
	Title = {Using Partial Orders for the Efficient Verification of Deadlock Freedom and Safety Properties},
	Volume = 2,
	Year = 1993}

@article{GW94,
	Author = {P. Godefroid and P. Wolper},
	Journal = {Information and Computation},
	Month = {May},
	Number = 2,
	Pages = {305--326},
	Publisher = {Academic Press, Inc.},
	Title = {A Partial Approach To Model Checking},
	Volume = 110,
	Year = 1994}

@inproceedings{HJG08,
	Author = {G. J. Holzmann and R. Joshi and A. Groce},
	Booktitle = {25 Years of Model Checking},
	Editor = {O. Grumberg and H. Veith},
	Pages = {65--76},
	Publisher = {Springer-Verlag},
	Series = {Lecture Notes in Computer Science},
	Title = {New Challenges in Model Checking},
	Volume = {5000},
	Year = {2008}}

@inproceedings{HJL05,
	Author = {K. Heljanko and T. Junttila and T. Latvala},
	Booktitle = {17th International Conference of Computer Aided Verification (CAV'05)},
	Date-Added = {2012-10-08 05:55:25 +0000},
	Date-Modified = {2012-10-08 05:58:25 +0000},
	Editor = {K. Etessami and S. K. Rajamani},
	Pages = {98--111},
	Publisher = {Springer},
	Series = {Lecture Notes in Computer Science},
	Title = {Incremental and Complete Bounded Model Checking for Full {LTL}},
	Volume = {3576},
	Year = {2005}}

@article{Hoa69,
	Author = {C. A. R. Hoare},
	Journal = {Communications of the ACM},
	Month = {Oct.},
	Number = {10},
	Pages = {576--583},
	Title = {An Axiomatic Basis for Computer Programming},
	Volume = {12},
	Year = {1969}}

@article{Hol97,
	Author = {G.J. Holzmann},
	Journal = {IEEE Transactions on Software Engineering},
	Note = {Special Issue on Methods in Software Practice},
	Number = {5},
	Pages = {279--295},
	Title = {The Model Checker SPIN},
	Volume = {23},
	Year = {1997}}

@article{HP00,
	Author = {K. Havelund and T. Pressburger},
	Journal = {STTT},
	Number = {4},
	Pages = {366--381},
	Title = {Model Checking Java Programs using Java \textsc{PathFinder}},
	Volume = {2},
	Year = {2000}}

@article{Jir05,
	Author = {G. Jir{\'a}skov{\'a}},
	Journal = {Theoretical Computer Science},
	Number = {2},
	Pages = {287--298},
	Title = {State complexity of some operations on binary regular languages},
	Volume = {330},
	Year = 2005}

@inproceedings{JPZ06,
	Author = {M. Jurdzi{\'n}ski and M. Paterson and U. Zwick},
	Booktitle = {Proceedings of {ACM}-{SIAM} Symposium on Discrete Algorithms, SODA 2006},
	Pages = {117--123},
	Publisher = {ACM/SIAM},
	Title = {A Deterministic Subexponential Algorithm for Solving Parity Games},
	Year = {2006}}

@inproceedings{JS07,
	Author = {N. Jin and C. Shen},
	Booktitle = {1st IEEE Symposium of Theoretical Aspects on Software Engineering},
	Pages = {173--182},
	Publisher = {IEEE Soc.},
	Title = {Dynamic verifying the properties of the simple subset of {PSL}},
	Year = 2007}

@article{Jur98,
	Author = {M. Jurdzi\'{n}ski},
	Date-Modified = {2011-08-20 21:00:03 +0800},
	Journal = {Information Processing Letters},
	Number = {3},
	Pages = {119--124},
	Title = {Deciding the winner in parity games is in $\mathbf{UP}\cap$co-$\mathbf{UP}$},
	Volume = {68},
	Year = {1998}}

@inproceedings{Jur00a,
	Author = {M. Jurdzi\'{n}ski},
	Booktitle = {Symposium on Theoretical Aspects of Computer Science, STACS 2000},
	Pages = {290--301},
	Series = {Lecture Notes in Computer Science},
	Title = {Small Progress Measures for Solving Parity Games},
	Volume = {1770},
	Year = {2000}}

@phdthesis{Jur00b,
	Author = {M. Jurdzi\'{n}ski},
	School = {University of Aarhus},
	Text = {M. Jurdzi\'{n}ski. Games for Verification: Algorithmic Issues. PhD thesis, University of Aarhus, 2000.},
	Title = {Games for Verification: Algorithmic Issues},
	Year = {2000}}

@article{Jut97,
	Author = {C. Jutla},
	Journal = {Information and Computation},
	Number = {2},
	Pages = {117--134},
	Title = {Determinization and memoryless winning strategies},
	Volume = {133},
	Year = {1997}}

@inproceedings{JW95,
	Address = {Prague},
	Author = {D. Janin and I. Walukiewicz},
	Booktitle = {20th International Symposium of Mathematical Foundations of Computer Science ( MFCS'95)},
	Pages = {552--562},
	Publisher = {Springer},
	Series = {Lecture Notes in Computer Science},
	Title = {Automata for the Modal $\mu$-Calculus and related Results},
	Volume = {969},
	Year = {1995}}

@article{JLWZ14,
	Author = {X. Jiang and W. Liu and T. Wu and L. Zhou},
	Journal = {Journal of Computational Information Systems},
	Month = {January},
	Number = {1},
	Pages = {1--8},
	Title = {Reductions from {MSP} to {SAT} and from {SUBSET SUM} to {MSP}},
	Volume = {10},
	Year = {2014}}

@inproceedings{Kai95,
	Author = {R. Kaivola},
	Booktitle = {CONCUR '95},
	Editor = {I. Lee and S. A. Smolka},
	Pages = {423--437},
	Publisher = {Springer},
	Series = {Lecture Notes in Computer Science},
	Title = {Axiomatising Linear Time Mu-calculus},
	Volume = {962},
	Year = {1995}}

@phdthesis{Kai97,
	Author = {R. Kaivola},
	School = {University of Edinburgh},
	Title = {Using Automata to Characterise Fixed Point Temporal Logics},
	Year = {1997}}

@article{Kai98,
	Author = {R. Kaivola},
	Journal = {Theoretical Computer Science},
	Number = {1},
	Pages = {41--60},
	Title = {Axiomatising extended computation tree logic},
	Volume = {190},
	Year = {1998}}

@article{Kam85,
	Author = {M. Kaminski},
	Journal = {Theoretical Computer Science},
	Pages = {217--229},
	Title = {A Classification of $\omega$-Regular Languages},
	Volume = {36},
	Year = {1985}}

@phdthesis{Kamp68,
	Address = {Los Angeles},
	Author = {H. W. Kamp},
	School = {Univ. of Calif},
	Title = {Tense Logic and the Theory of Linear Order},
	Type = {Ph.D. thesis},
	Year = {1968}}

@book{Kat98,
	Address = {Lehrstuhl f\"ur Informatik VII Friedrich-Alexander Universit\"at Erlangen-N\"urnberg},
	Author = {J.-P. Katoen},
	Edition = {2},
	Note = {Lecture Notes of the Course ``Mechanised Validation of Parallel Systems''},
	Publisher = {FAU},
	Title = {Concepts, Algorithms, and Tools for Model Checking},
	Year = {1998}}

@article{KG96a,
	Author = {O. Kupferman and O. Grumberg},
	Journal = {Information adn Computation},
	Title = {Branching-Time Temporal Logic and Tree Automata},
	Volume = {125},
	Year = {1996}}

@inproceedings{Kil73,
	Author = {G.A. Kildall},
	Booktitle = {ACM Annual Symposium on Prociple of Programming Languages},
	Pages = {194--206},
	Publisher = {The ACM Press},
	Title = {A Unified Approach to Global Program Optimization},
	Year = {1973}}

@inproceedings{KLV06,
	Author = {O. Kupferman and Y. Lustig and M.Y. Vardi},
	Booktitle = {Proc. 13th International Conference on Logic for Programming Artificial Intelligence and Reasoning},
	Publisher = {Springer-Verlag},
	Series = {Lecture Notes in Computer Science},
	Title = {On Locally Checkable Properties},
	Year = {2006}}

@inproceedings{KMM04,
	Author = {O. Kupferman and G. Morgenstern and A. Murano},
	Booktitle = {2nd International Symposium on Automated Technology for Verification and Analysis},
	Pages = {324--333},
	Publisher = {Springer-Verlag},
	Series = {Lecture Notes in Computer Science},
	Title = {Typeness for $\omega$-Regular Automata},
	Volume = {3299},
	Year = 2004}

@article{Koz83,
	Author = {D. Kozen},
	Journal = {Theoretical Computer Science},
	Pages = {333--354},
	Title = {Results on the Propositional $\mu$-calculus},
	Volume = {27},
	Year = {1983}}

@inproceedings{KL06,
	Author = {O. Kupferman and R. Lampert},
	Booktitle = {4th International Symposium on Automated Technology for Verification and Analysis},
	Editor = {S. Graf and W. Zhang},
	Pages = {110-124},
	Publisher = {Springer},
	Series = {Lecture Notes in Computer Science},
	Title = {On the Construction of Fine Automata for Safety Properties.},
	Volume = {4218},
	Year = {2006}}

@article{KMMPS01,
	Author = {Y. Kesten and O. Maler and M. Marcus and A. Pnueli and E. Shahar},
	Journal = {Theoretical Computer Science},
	Number = {1-2},
	Pages = {93-112},
	Title = {Symbolic Model Checking with Rich Assertional Languages},
	Volume = {256},
	Year = {2001}}

@inproceedings{KP95,
	Author = {Y. Kesten and A. Pnueli},
	Booktitle = {Logic in Computer Science},
	Pages = {2-12},
	Title = {A Complete Proof Systems for {QPTL}},
	Year = {1995}}

@article{KP02,
	Author = {Y. Kesten and A. Pnueli},
	Journal = {J. Log. Comput.},
	Number = {5},
	Pages = {701-745},
	Title = {Complete Proof System for QPTL},
	Volume = {12},
	Year = {2002}}

@inproceedings{KPV01,
	Address = {Denmark},
	Author = {O. Kupferman and N. Piterman and M. Y. Vardi},
	Booktitle = {Proc. 12th International Conference on Concurrency Theory},
	Pages = {519-535},
	Publisher = {Springer},
	Series = {Lecture Notes in Computer Science},
	Title = {Extended Temporal Logic Revisited.},
	Volume = {2154},
	Year = {2001}}

@inproceedings{KPV06,
	Author = {O. Kupferman and N. Piterman and M.Y. Vardi},
	Booktitle = {Proc. 18th International Conference on Computer Aided Verification},
	Publisher = {Springer-Verlag},
	Series = {Lecture Notes in Computer Science},
	Title = {Safraless Compositional Synthesis},
	Year = {2006}}

@article{Kro77,
	Author = {F. Kr{\"o}ger},
	Journal = {Acta Inf.},
	Pages = {243--266},
	Title = {Lar: A Logic of Algorithmic Reasoning},
	Volume = {8},
	Year = {1977}}

@inproceedings{KS06,
	Author = {O. Kupferman and S. Sheinvald-Faragy},
	Booktitle = {Proc. 17th International Conference on Concurrency Theory},
	Pages = {492--508},
	Publisher = {Springer-Verlag},
	Series = {Lecture Notes in Computer Science},
	Title = {Finding Shortest Witnesses to the Nonemptiness of Automata on Infinite Words},
	Volume = 4137,
	Year = 2006}

@inproceedings{KSW90,
	Address = {Nashville Tennessee},
	Author = {F. Kabanza and J. St\'evenne and P. Wolper},
	Booktitle = {Proc. of the 9th ACM Symposium on Principles of Database Systems},
	Pages = {392--403},
	Title = {Handling Infinite Temporal Data},
	Year = 1990}

@article{KSW95,
	Author = {F. Kabanza and J. St\'evenne and P. Wolper},
	Journal = {Journal of Computer and System Sciences},
	Month = {August},
	Number = {1},
	Pages = {3--17},
	Title = {Handling Infinite Temporal Data},
	Volume = {51},
	Year = 1995}

@inproceedings{KS02,
	Author = {A. Ku\v{c}era and J. Strej\v{c}ek},
	Booktitle = {CSL 2002},
	Pages = {276--291},
	Publisher = {Springer},
	Series = {Lecture Notes in Computer Science},
	Title = {The Stuttering Principle Revisited: On the Expressiveness of Nested {X} and {U} Operators in the Logic {LTL}},
	Volume = {2471},
	Year = {2002}}

@inproceedings{KSV02,
	Author = {O. Kupferman and U. Sattler and M. Y. Vardi},
	Booktitle = {18th International Conference on Automated Deduction},
	Pages = {423-437},
	Publisher = {Springer},
	Series = {Lecture Notes in Computer Science},
	Title = {The Complexity of the Graded $\mu$-Calculus.},
	Volume = {2392},
	Year = {2002}}

@article{KU77,
	Author = {J.B. Kam and J.D. Ullman},
	Journal = {Acta Information},
	Pages = {305--317},
	Title = {Monotone Data Flow Analysis Frameworks},
	Volume = {7},
	Year = {1977}}

@inproceedings{Kup06b,
	Author = {O. Kupferman},
	Booktitle = {Proc. 17th International Conference on Concurrency Theory},
	Pages = {37--51},
	Publisher = {Springer-Verlag},
	Series = {Lecture Notes in Computer Science},
	Title = {Safety Checks in Formal Verification},
	Volume = 4137,
	Year = 2006}

@inproceedings{Kup06a,
	Author = {O. Kupferman},
	Booktitle = {Proc. 21st {IEEE} Symp. on Logic in Computer Science},
	Publisher = {IEEE Society},
	Title = {Avoiding Determinization},
	Year = {2006}}

@inproceedings{KV95,
	Address = {Philadelphia},
	Author = {O. Kupferman and M.Y. Vardi},
	Booktitle = {Proc. 6th Conferance on Concurrency Theory},
	Month = {August},
	Pages = {408-422},
	Publisher = {Springer-Verlag},
	Series = {Lecture Notes in Computer Science},
	Title = {On the Complexity of Branching Modular Model Checking},
	Volume = {962},
	Year = 1995}

@inproceedings{KV98,
	Author = {O. Kupferman and M.Y. Vardi},
	Booktitle = {Proceedings of STOC'98},
	Pages = {224--233},
	Title = {Weak Alternating Automata and Tree Automata Emptiness},
	Year = {1998}}

@inproceedings{KV00,
	Author = {Orna Kupferman and Moshe Y. Vardi},
	Booktitle = {Proc. 25th International Symposium on Mathematical Foundations of Computer Science ((MFCS'00))},
	Pages = {497--507},
	Publisher = {Springer-Verlag},
	Series = {Lecture Notes in Computer Science},
	Title = {$\mu$-Calculus Synthesis},
	Volume = {1983},
	Year = {2000}}

@article{KV01,
	Author = {O. Kupferman and M.Y. Vardi},
	Journal = {ACM TCL},
	Number = {2},
	Pages = {408--429},
	Title = {Weak Alternating Automata Are Not That Weak},
	Volume = {2},
	Year = {2001}}

@inproceedings{KV03b,
	Author = {O. Kupferman and M.Y. Vardi},
	Booktitle = {Proc. 30th International Colloq. on Automata, Programming, and Languages},
	Month = {June},
	Pages = {697--713},
	Publisher = {Springer-Verlag},
	Series = {Lecture Notes in Computer Science},
	Title = {$\Pi_2 \cap \Sigma_2 \equiv$ AFMC},
	Volume = 2719,
	Year = 2003}

@inproceedings{KV04a,
	Author = {O. Kupferman and M.Y. Vardi},
	Booktitle = {10th International Conference on Tools and Algorithms for the Construction and Analysis of systems},
	Pages = {591--606},
	Publisher = {Springer-Verlag},
	Series = {Lecture Notes in Computer Science},
	Title = {From Complementation to Certification},
	Volume = {2988},
	Year = {2004}}

@inproceedings{KV05a,
	Author = {O. Kupferman and M.Y. Vardi},
	Booktitle = {11th International Conference on Tools and algorithms for the construction and analysis of systems},
	Publisher = {Springer-Verlag},
	Series = {Lecture Notes in Computer Science},
	Title = {Complementation Constructions for Nondeterministic Automata on Infinite Words},
	Year = {2004}}

@inproceedings{KV05b,
	Address = {Pittsburgh},
	Author = {O. Kupferman and M.Y. Vardi},
	Booktitle = {Proc. 46th {IEEE} Symp. on Foundations of Computer Science},
	Month = {October},
	Pages = {531--540},
	Title = {Safraless Decision Procedures},
	Year = 2005}

@inproceedings{KV06a,
	Author = {O. Kupferman and M.Y. Vardi},
	Booktitle = {Proc. 21st {IEEE} Symp. on Logic in Computer Science},
	Title = {Memoryful Branching-Time Logics},
	Year = {2006}}

@article{KVW00,
	Author = {O. Kupferman and M. Y. Vardi and P. Wolper},
	Journal = {Journal of the ACM},
	Month = {March},
	Number = 2,
	Pages = {312--360},
	Title = {An Automata-Theoretic Approach to Branching-Time Model Checking},
	Volume = 47,
	Year = 2000}

@article{KVW01,
	Author = {O. Kupferman and M. Y. Vardi and P. Wolper},
	Journal = {Information and Computation},
	Pages = {322-344},
	Title = {Module Checking},
	Volume = 164,
	Year = 2001}

@article{Kin76,
	Author = {J. C. King},
	Journal = {Communications of the ACM},
	Number = {7},
	Pages = {385--394},
	Title = {Symbolic execution and program testing},
	Volume = {19},
	Year = {1976}}

@article{Lam77,
	Author = {L. Lamport},
	Journal = {IEEE Trans. on Soft Eng.},
	Title = {Proving the Correctness of Multiprocess Programs},
	Volume = {SE--7},
	Year = {1977}}

@inproceedings{Lam80,
	Author = {L. Lamport},
	Booktitle = {Proc. 7th ACM Symp. on Principle of Programming Languages},
	Pages = {174--185},
	Publisher = {ACM Press},
	Title = {Sometimes is Sometimes ``Not Never''-- on the Temporal Logic of Programs},
	Year = {1980}}

@article{Lan69,
	Author = {L. Landweber},
	Journal = {MST},
	Pages = {374--385},
	Title = {Decision Problems for $\omega$-Automata},
	Volume = {3},
	Year = {1969}}

@inproceedings{Lan07,
	Author = {M. Lange},
	Booktitle = {CONCUR'07},
	Editor = {L. Caires and V.T. Vasconcelos},
	Pages = {90--104},
	Publisher = {Springer-Verlag},
	Series = {Lecture Notes in Computer Science},
	Title = {Linear Time Logics Around PSL: Complexity, Expressiveness, and A Little Bit of Succinctness},
	Volume = {4703},
	Year = {2007}}

@inproceedings{LBC+94,
	Author = {D. E. Long and A. Browne and E. M. Clarke and S. Jha and W. R. Marrero},
	Booktitle = {CAV'94},
	Editor = {D. L. Dill},
	Pages = {338--350},
	Publisher = {Springer},
	Series = {Lecture Notes in Computer Science},
	Title = {An Imprived Algorithm for the Evaluation of Fixpoint Expressions},
	Volume = {818},
	Year = {1994}}

@article{Lee59,
	Author = {C. Y. Lee},
	Journal = {The BELL System Technical Journal},
	Number = {4},
	Pages = {985--999},
	Title = {Representation of switching circuits by binary-decision programs},
	Volume = {38},
	Year = {1959}}

@inproceedings{Leg08,
	Address = {Princeton, N,J, USA},
	Author = {A. Legay},
	Booktitle = {The 20th International Conference on Computer Aided Verification (CAV'08)},
	Editor = {A. Jupta and S. Malik},
	Month = {July},
	Pages = {548--551},
	Publisher = {Springer},
	Series = {Lecture Notes in Computer Science},
	Title = {{T(O)RMC}: A Tool for ($\omega$)-Regular Model Checking},
	Volume = {5123},
	Year = {2008}}

@inproceedings{LGLM13,
	Author = {T. Li and Y. Guo and W. Liu and C. Ma},
	Booktitle = {ISQED'13},
	Pages = {516--523},
	Publisher = {IEEE Soc.},
	Title = {Efficient Translation Validation of High Level Synthesis},
	Year = {2013}}

@inproceedings{LGLT13,
	Author = {T. Li and Y. Guo and W. Liu and M. Tang},
	Booktitle = {GLSVLSI'13},
	Pages = {101--106},
	Publisher = {ACM Press},
	Title = {Translation Validation of Scheduling in High Level Synthesis},
	Year = {2013}}

@mastersthesis{Lod98,
	Author = {C. L{\"o}ding},
	School = {Christian-Albrechts-University of Kiel},
	Title = {Methods for the Transformation of $\omega$-Automata: Complexity and Connection to Second-order Logic},
	Year = 1998}

@inproceedings{Lod99,
	Author = {C. L{\"o}ding},
	Booktitle = {19th FSTTCS},
	Pages = {97-109},
	Publisher = {Springer-Verlag},
	Series = {Lecture Notes in Computer Science},
	Title = {Optimal Bounds for Transformations of Omega-Automata},
	Volume = {1738},
	Year = {1999}}

@phdthesis{Lon93b,
	Author = {D.E. Long},
	School = {Carnegie Mellon University},
	Title = {Model Checking, Abstraction and Compositional Reasoning},
	Type = {PhD thesis},
	Year = {1993}}

@article{LPY97,
	Author = {K. G. Larsen and P. Pettersson and W. Yi},
	Journal = {Software Tools for Technology Transfer},
	Pages = {134--153},
	Title = {UppAal in a NutShell},
	Volume = {1},
	Year = {1997}}

@inproceedings{LPZ85,
	Address = {Brooklyn},
	Author = {O. Lichtenstein and A. Pnueli and L. Zuck},
	Booktitle = {Workshop on Logics of Programs},
	Pages = {97--107},
	Publisher = {Springer-Verlag},
	Series = {Lecture Notes in Computer Science},
	Title = {The Glory of the Past},
	Volume = {193},
	Year = {1985}}

@inproceedings{LS01,
	Address = {Boston, MA, USA},
	Author = {M. Lange and C. Stirling},
	Booktitle = {Proceedings of the 16th Annual {IEEE} Symposium on Logic in Computer Science, {LICS'01}},
	Publisher = {IEEE Computer Society Press},
	Title = {Focus Games for Satisfiability and Completeness of Temporal Logic},
	Year = {2001}}

@inproceedings{LS07,
	Author = {M. Leucker and C. S{\'a}nchez},
	Booktitle = {Proceedings of the 4th international conference on Theoretical aspects of computing},
	Date-Modified = {2012-10-12 10:43:29 +0000},
	Pages = {291--305},
	Publisher = {Springer-Verlag},
	Series = {Lecture Notes in Computer Science},
	Title = {Regular linear temporal logic},
	Volume = {4711},
	Year = {2007}}

@article{LW06,
	Author = {A. Legay and P. Wolper},
	Journal = {Electronic Notes in Theoretical Computer Science},
	Number = {1},
	Papges = {3--8},
	Title = {On the Use of Automata-based Techniques in Symbolic Model Checking},
	Volume = {150},
	Year = {2006}}

@article{LW09,
	Author = {W. Liu and J. Wang},
	Journal = {Information Processing Letters},
	Number = {16},
	Pages = {941--945},
	Title = {A Tighter Analysis of Piterman's B{\"u}chi Determinization},
	Volume = {109},
	Year = {2009}}

@inproceedings{LWF+13,
	Address = {Shanghai, China},
	Author = {W. Liu and R. Wang and X. Fu and J. Wang and W. Dong and X. Mao},
	Booktitle = {Proc. 10th International Colloquium on Theoretical Aspects of Computing (ICTAC'13)},
	Editor = {Z. Liu and J. Woodcock and H. Zhu},
	Pages = {249--266},
	Publisher = {Springer-Verlag},
	Series = {Lecture Notes in Computer Science},
	Title = {Conterexample-Preserving Reduction for Symbolic Model Checking},
	Volume = {8049},
	Year = {2013}}

@article{LWF+14,
	Author = {W. Liu and R. Wang and X. Fu and J. Wang and W. Dong and X. Mao},
	Journal = {Journal of Applied Mathematics},
	Title = {Conterexample-Preserving Reduction for Symbolic Model Checking},
	Volume = {2014},
	Year = {2014}}

@inproceedings{LMPW14,
	Author = {W. Liu and X. Mao and G. Pu and R. Wang},
	Booktitle = {Theoretical Aspects of Software Engineering 2014},
	Pages = {82--89},
	Publisher = {IEEE Soc},
	Title = {Combining syntactic and semantic encoding for {LTL} bounded model checking},
	Year = {2014}}

@inproceedings{LWCM08,
	Author = {W. Liu and J. Wang and H. Chen and X. Ma},
	Booktitle = {The 2nd IEEE Symposium on Theoretical Aspects of Software Engineering},
	Pages = {39--46},
	Publisher = {IEEE Soc.},
	Title = {Symbolic Model Checking APSL},
	Year = {2008}}

@article{LWCMW09,
	Author = {W.Liu and J. Wang and H.Chen and X. Ma and Z. Wang},
	Journal = {Frontiers of Computer Science in China},
	Number = {1},
	Pages = {130--141},
	Title = {Symbolic Model Checking APSL},
	Volume = {3},
	Year = {2009}}

@inproceedings{LWDC07,
	Address = {Macau, China},
	Author = {W. Liu and J. Wang and W. Dong and H. Chen},
	Booktitle = {Proc. 4th International Colloquium on Theoretical Aspects of Computing (ICTAC'07)},
	Editor = {Cliff B. Jones and Zhiming Liu and Jim Woodcock},
	Month = {September},
	Pages = {322--336},
	Publisher = {Springer-Verlag},
	Series = {Lecture Notes in Computer Science},
	Title = {Axiomatizing Extended Temporal Logic Fragments via Instantiation},
	Volume = {4711},
	Year = {2007}}


@inproceedings{Mar85,
	Author = {A. J. Martin},
	Booktitle = {Proceedings of the 1985 Chapel Hill Conference on Very Large Scale Integration},
	Editor = {H. Fuchs},
	Title = {The Design of A Self-Timed Circuit for Distributed Mutual Exclusion},
	Year = {1985}}

@inproceedings{Mai00,
	Author = {M. Maidl},
	Booktitle = {Foundations of Computer Science},
	Pages = {643--652},
	Title = {The common fragment of CTL and LTL},
	Year = {2000}}

@phdthesis{McM93,
	Address = {Kluwer Academic Publishers},
	Author = {K. L. McMillan},
	School = {Carnegie Mellon University},
	Title = {Symbolic Model Checking, An Approach to the State Explosion Problem},
	Year = 1993}

@inproceedings{McM03,
	Author = {K. L. McMillan},
	Booktitle = {CAV'03},
	Pages = {1--13},
	Pubilsher = {Springer Berlin Heidelberg},
	Series = {Lecture Notes in Computer Science},
	Title = {Interpolation and SAT-Based Model Checking},
	Year = {2003}}

@article{McN66,
	Author = {R. McNaughton},
	Journal = {Information and Computation},
	Pages = {521--530},
	Title = {Testing and Generating Infinite Sequences by A Finite Automaton},
	Volume = {9},
	Year = {1966}}

@article{MH84,
	Author = {S. Miyano and T. Hayashi},
	Journal = {Theoretical Computer Science},
	Pages = {321--330},
	Title = {Alternating Finite Automata on $\omega$-Words},
	Volume = {32},
	Year = 1984}

@techreport{Mic88,
	Address = {Paris},
	Author = {M. Michel},
	Institution = {CNET},
	Title = {Complementation Is More Difficult with Automata on Infinite Words},
	Year = {1988}}

@inproceedings{Mos84,
	Author = {A.W. Mostowski},
	Booktitle = {Lecture Notes in Computer Science},
	Pages = {157--168},
	Publisher = {Springer-Verlag},
	Title = {Regular Expressions for Infinite Trees and A Standard Form of Automata},
	Volume = {208},
	Year = 1984}

@inproceedings{Mos85,
	Author = {A.W. Mostowski},
	Booktitle = {the Fifth Symposium of Computer Theory},
	Pages = {157--168},
	Publisher = {Springer-Verlag},
	Series = {Lecture Notes in Computer Science},
	Title = {Regular Expressions for the Infinite Trees and A Standard Form of Automata},
	Volume = {208},
	Year = {1985}}

@article{MS87,
	Author = {D.E. Muller and P.E. Schupp},
	Journal = {Theoretical Computer Science},
	Pages = {267--276},
	Title = {Alternating Automata on Infinite Trees},
	Volume = {54},
	Year = 1987}

@inproceedings{MW82,
	Author = {Z. Manna and P. Wolper},
	Booktitle = {Proceedings of the Workshop on Logics of Programs},
	Pages = {253-281},
	Publisher = {Springer-Verlag},
	Series = {Lecture Notes in Computer Science},
	Title = {Synthesis of Communicating Processes from Temporal Logic Specifications},
	Volume = {131,},
	Year = {1982}}

@article{MW84,
	Author = {Z. Manna and P. Wolper},
	Journal = {ACM Transactions on Programming Languages and Systems},
	Month = {January},
	Number = {1},
	Pages = {68-93},
	Title = {Synthesis of Communicating Processes from Temporal Logic Specifications},
	Volume = {6},
	Year = {1984}}

@inproceedings{MWBS88,
	Author = {S. Malik and A. Wang and R. Brayton and A. Saniovanni-Vincenteli},
	Booktitle = {International Conference on Computer-Aided Design},
	Pages = {6--9},
	Publisher = {IEEE Society Press},
	Title = {Logic Verification using Binary Decision Diagrams in A Logic Synthesis Environment},
	Year = {1988}}

@article{MY88,
	Author = {T. Moriya and H. Yamusaki},
	Journal = {Theoretical Computer Science},
	Pages = {137--147},
	Title = {Accepting Conditions for Automata on $\omega$-Languages},
	Volume = {61},
	Year = {1988}}

@inproceedings{Niw88,
	Author = {D. Niwi{\'n}ski},
	Booktitle = {Proceedings of the Third Annual IEEE Symp. on Logic in Computer Science, (LICS) 1988},
	Editor = {Yuri Gurevich},
	Location = {Edinburgh, Scotland, UK},
	Month = {July},
	Pages = {402--409},
	Publisher = {IEEE Computer Society Press},
	Title = {Fixed Points vs. Infinite Generation},
	Year = 1988}

@inproceedings{NW97,
	Address = {Santa Barbara},
	Author = {U. Nitsche and P. Wolper},
	Booktitle = {Proc. 16th {ACM} Symposium on Principles of Distributed Computing},
	Month = {August},
	Title = {Relative Liveness and Behavior Abstraction},
	Year = 1997}

@inproceedings{Obd03,
	Author = {J. Obdr{\u z}{\'a}lek},
	Booktitle = {International Conference on Computer-Aided Verification (CAV'03)},
	Pages = {80--92},
	Publisher = {Springer-Verlag},
	Series = {Lecture Notes in Computer Science},
	Title = {Fast Mu-calculus Model Checking when Tree Width Is Bounded},
	Volume = {2725},
	Year = {2003}}

@mastersthesis{Pit00,
	Author = {N. Piterman},
	Month = {August},
	School = {School of the Weizmann Institute of Science},
	Title = {Extending Temporal Logic with $\omega$-Automata},
	Type = {Thesis for the M.Sc Degree},
	Year = {2000}}

@phdthesis{Pit04,
	Address = {Rehovot, Israel},
	Author = {N. Piterman},
	Month = {Oct},
	School = {The Weizmann Institute of Science},
	Title = {Verification of Infinite-State Systems},
	Type = {PhD. thesis},
	Year = {2004}}

@inproceedings{Pit06,
	Author = {N. Piterman},
	Booktitle = {LICS 2006},
	Pages = {255-264},
	Title = {From Nondeterministic {B{\"u}chi} and {Streett} Automata to Deterministic Parity Automata},
	Year = {2006}}

@article{Pit07,
	Author = {N. Piterman},
	Journal = {Logical Methods in Computer Science},
	Month = {August},
	Number = {3:5},
	Pages = {1--21},
	Title = {From Nondeterministic {B{\"u}chi} and {Streett} Automata to Deterministic Parity Automata},
	Volume = {3},
	Year = {2007}}

@inproceedings{PK02,
	Author = {A. Pnueli and Y. Kesten},
	Booktitle = {CONCUR02},
	Editor = {L. Brim and P. Jancar and M. Kret\'{\i}nsk{\'y} and A. Kucera},
	Pages = {24--40},
	Publisher = {Springer},
	Series = {Lecture Notes in Computer Science},
	Title = {A Deductive Proof System for CTL*},
	Volume = {2421},
	Year = {2002}}

@inproceedings{Pnu77,
	Author = {A. Pnueli},
	Booktitle = {Proc. of 18th IEEE Symposium on Foundation of Computer Science (FOCS' 77)},
	Pages = {46-57},
	Publisher = {IEEE Computer Society},
	Title = {The Temporal Logic of Programs},
	Year = {1977}}

@inproceedings{Pnu84,
	Author = {A. Pnueli},
	Booktitle = {Logics of Concurrent Systems},
	Editor = {K.R. Apt},
	Publisher = {Springer},
	Series = {NATO ASI},
	Title = {In Transition for Global to Modular Temporal Reasoning about Programs},
	Volume = {13},
	Year = {1984}}

@inproceedings{Pnu85,
	Author = {A. Pnueli},
	Booktitle = {International Colloquium on Automata, Language and Programming},
	Editor = {W. Brauer},
	Pages = {15--32},
	Publisher = {Springer-Verlag},
	Series = {Lecture Notes in Computer Science},
	Title = {Linear and Branching Structures in the Semantics and Logics of Reactive Systems},
	Volume = {194},
	Year = {1985}}

@book{Pri57,
	Author = {A. N. Prior},
	Publisher = {Oxford University Press},
	Title = {Time and Modality},
	Year = {1957}}

@book{Pri67,
	Author = {A. N. Prior},
	Publisher = {Clarendon Press},
	Title = {Past, Present and Future},
	Year = {1967}}

@inproceedings{Pra81,
	Author = {V. Pratt},
	Booktitle = {ACM Symposium on Foundations of Computer Science (FOCS81)},
	Pages = {75--84},
	Publisher = {ACM Press},
	Title = {A Decidable $\mu$-Calculus},
	Year = {1981}}

@inproceedings{PW84,
	Address = {Vancouver},
	Author = {S. Pinter and P. Wolper},
	Booktitle = {Proc. 3rd ACM Symposium on Principles of Distributed Computing},
	Month = {August},
	Pages = {28--37},
	Title = {A Temporal Logic for Reasoning about Partially Ordered Computations},
	Year = {1984}}

@inproceedings{PWW96,
	Address = {Pisa},
	Author = {D. Peled and T. Wilke and Pierre Wolper},
	Booktitle = {Proc. CONCUR '96},
	Month = {August},
	Pages = {596--610},
	Publisher = {Springer-Verlag},
	Series = {Lecture Notes in Computer Science},
	Title = {An Algorithmic Approach for Checking Closure Properties of Omega-Regular Languages},
	Volume = {1119},
	Year = 1996}

@article{PWW98,
	Author = {D. Peled and T. Wilke and P. Wolper},
	Journal = {Theoretical Computer Science},
	Number = 2,
	Pages = {183--203},
	Title = {An Algorithmic Approach for Checking Closure Properties of Temporal Logic Specifications and omega-Regular Languages},
	Volume = 195,
	Year = 1998}

@techreport{PZ06a,
	Author = {A. Pnueli and A. Zaks},
	Institution = {New York University},
	Number = {TR2006-881},
	Title = {PSL Model Checking and Run-time Verification via Testers},
	Year = 2006}

@inproceedings{PZ06,
	Author = {A. Pnueli and A. Zaks},
	Booktitle = {Formal Methods (2006)},
	Editor = {J. Misra T. Nipkow and E. Sekerinski},
	Pages = {573--586},
	Publisher = {Springer-Verlag},
	Series = {Lecture Notes in Computer Science},
	Title = {PSL Model Checking and Run-time Verification via Testers},
	Volume = {4085},
	Year = {2006}}

@inproceedings{QS82,
	Author = {J.P. Queille and J. Sifakis},
	Booktitle = {International Symposium on Programming},
	Editor = {M. Dezani-Ciancaglini and U. Montanari},
	Pages = {216--230},
	Publisher = {Springer-Verlag},
	Series = {Lecture Notes in Computer Science},
	Title = {Specification and Verification of Concurrent Systems in CESAR},
	Volume = {137},
	Year = {1982}}

@article{Rab69,
	Author = {M.O. Rabin},
	Journal = {Transaction of the AMS},
	Pages = {1--35},
	Title = {Decidability of Second Order Theories and Automata on Infinite Trees},
	Volume = {141},
	Year = {1969}}

@inproceedings{Rab02,
	Author = {A. Rabinovich},
	Booktitle = {CONCUR02},
	Editor = {L. Brim et al.},
	Pages = {57--76},
	Publisher = {Springer-Verlag},
	Series = {Lecture Notes in Computer Science},
	Title = {Expressive Power of Temporal Logics},
	Volume = {2421},
	Year = {2002}}

@inproceedings{Rey02,
	Author = {J. C. Reynolds},
	Booktitle = {LICS 2002},
	Pages = {55-74},
	Publisher = {IEEE Soc.},
	Title = {Separation Logic: A logic for shared mutable data structures},
	Year = {2002}}

@article{Rey05,
	Author = {M. Reynolds},
	Journal = {Information and Computation},
	Month = {July},
	Pages = {72--119},
	Title = {An axiomatization of PCTL*},
	Volume = {201},
	Year = {2005}}

@techreport{RFB05,
	Author = {S. Ruah and D. Fisman and S. Ben-David},
	Institution = {IBM Haifa Research Lab},
	Month = {April},
	Number = {H0234},
	Title = {Automata Construction for On-the-fly Model Checking PSL Safety Simple Subset},
	Year = {2005}}

@inproceedings{Rog01,
	Author = {M. Roggenbach},
	Booktitle = {Automata, Logics, and Infinite Games: A Guide to Current Research},
	Pages = {43--60},
	Publisher = {Springer-Verlag},
	Series = {Lecture Notes in Computer Science},
	Title = {Determinization of {B{\"u}chi}-automata},
	Volume = {2500},
	Year = {2001}}

@inproceedings{Saf88,
	Author = {S. Safra},
	Booktitle = {FOCS'88},
	Pages = {319--327},
	Title = {On the Complexity of $\omega$-automata},
	Year = {1988}}

@phdthesis{Saf89,
	Author = {S. Safra},
	School = {Weizmann Institute},
	Title = {Complexity of Automata on Infinite Objects},
	Year = {1989}}

@inproceedings{Saf92,
	Author = {S. Safra},
	Booktitle = {24th STOC},
	Title = {Exponential Determinization for $\omega$-Automata with Strong-Fairness Acceptance Conditions},
	Year = {1992}}

@inproceedings{SB00,
	Author = {F. Somenzi and R. Bloem},
	Booktitle = {CAV'00},
	Editor = {E.A. Emerson and A.P. Sistla},
	Pages = {53--65},
	Publisher = {Springer-Verlag},
	Series = {Lecture Notes in Computer Science},
	Title = {Efficient {B\"u}chi automata from {LTL} Formulae},
	Volume = {1855},
	Year = {2000}}

@article{SC85,
	Author = {A. P. Sistla and E. M. Clarke},
	Journal = {Journal of Assoc. Comput. Mach.},
	Number = {3},
	Pages = {733--749},
	Title = {The complexity of Propositional Linear Temporal Logics},
	Volume = {32},
	Year = {1985}}

@phdthesis{Sch08,
	Author = {S. Schewe},
	School = {Saarbr{\"u}cken},
	Title = {Synthesis of Distributed Systems},
	Type = {PhD thesis},
	Year = {2008}}

@inproceedings{Sch09a,
	Author = {S. Schewe},
	Booktitle = {FoSSaCS'09},
	Date-Modified = {2012-02-18 14:35:37 +0000},
	Pages = {167--181},
	Publisher = {Springer-Verlag},
	Series = {Lecture Notes in Computer Science},
	Title = {Tighter Bounds for the Determinization of {B}{\"u}chi Automata},
	Volume = {5504},
	Year = {2009}}

@inproceedings{Sch09b,
	Author = {S. Schewe},
	Booktitle = {STACS 2009},
	Pages = {661--672},
	Publisher = {IBFI},
	Title = {B{\"u}chi Complementation Made Tight},
	Year = {2009}}

@article{SCM84,
	Author = {A. P. Sistla and E. M. Clarke and N. Francez and A. R. Meyer},
	Journal = {Information and Control},
	Number = {1/2},
	Pages = {88--112},
	Title = {Can Message Buffers Be Axiomatized in Linear Temporal Logic?},
	Volume = {63},
	Year = {1984}}

@inproceedings{SE84,
	Author = {R.S. Streett and E. A. Emerson},
	Booktitle = {11th International Colloquium on Automata, Languages and Program},
	Editor = {J. Paredaens},
	Pages = {465--472},
	Publisher = {Springer-Verlag},
	Series = {Lecture Notes in Computer Science},
	Title = {The Propositional Mu-Calculus is Elementary},
	Volume = {172},
	Year = {1984}}

@inproceedings{Ser04,
	Author = {O. Serre},
	Booktitle = {Proc. 31th International Colloquium Automata, Languages and Programming (ICALP04)},
	Editor = {J. D{\'\i}az and J. Karhum{\"a}ki and A. Lepist{\"o} and D. Sannella},
	Pages = {1150--1162},
	Publisher = {Springer-Verlag},
	Series = {Lecture Notes in Computer Science},
	Title = {Games with Winning Conditions of High Borel Complexity.},
	Volume = {3142},
	Year = {2004}}

@inproceedings{Ser06,
	Author = {O. Serre},
	Booktitle = {Proc. 9th International Conference Foundations of Software Science and Computation Structures, (FOSSACS'06)},
	Editor = {L. Aceto and A. Ing{\'o}lfsd{\'o}ttir},
	Pages = {337--351},
	Publisher = {Springer-Verlag},
	Series = {Lecture Notes in Computer Science},
	Title = {Parity Games Played on Transition Graphs of One-Counter Processes},
	Volume = {3921},
	Year = {2006}}

@article{She59,
	Author = {J. C. Shepherdson.},
	Journal = {IBM Journal of Research and Development},
	Pages = {115--125},
	Title = {The Reduction of Two-way Automata to One-way Automata},
	Volume = 3,
	Year = 1959}

@phdthesis{Sis83,
	Author = {A.P. Sistla},
	School = {CMU Dept. of Computer Science},
	Title = {Theoretical Issues in The Design and Verification of Distributed Systems},
	Type = {Ph.D. thesis},
	Year = {1983}}

@inproceedings{SLW+14,
	Author = {Y. Shen and J. Li and Z. Wang and T. Su and B. Fang and G. Pu and W. Liu and M. Chen},
	Booktitle = {APSEC 2014},
	Pages = {278--285},
	Publisher = {IEEE Soc},
	Title = {Runtime Verification by Convergent Formula Progression},
	Year = {2014}}

@article{Sta87,
	Author = {L. Staiger},
	Journal = {Electron. Inf. Verarbeit. Kybernetic},
	Pages = {415--439},
	Title = {Research in the Theory of $\omega$-Languages},
	Volume = {23},
	Year = {1987}}

@article{Str82,
	Author = {R.S. Streett},
	Journal = {Information and Control},
	Pages = {121--141},
	Title = {Propositional Dynamic Logic of Looping and Converse Is Elementary Decidable},
	Volume = {54},
	Year = {1982}}

@article{Suz99,
	Author = {I. Suzuki},
	Journal = {Information Processing Letters},
	Pages = {213--214},
	Title = {Proving Properties of A Ring of Finite-State Machines},
	Volume = {28},
	Year = {1999}}

@inproceedings{SV89,
	Author = {S. Safra and M.Y. Vardi},
	Booktitle = {21th STOC},
	Pages = {127--137},
	Title = {On $\omega$-Automata and Temporal Logic},
	Year = {1989}}

@inproceedings{SV01,
	Author = {U. Sattler and M. Y. Vardi},
	Booktitle = {Proc. of IJCAR'01},
	Pages = {76--91},
	Publisher = {Springer-Verlag},
	Series = {LNAI},
	Title = {The Hybrid Mu-calculus},
	Volume = {2083},
	Year = {2001}}

@inproceedings{SV07,
	Author = {S. Nain and M.Y. Vardi},
	Booktitle = {Proc. 5th Automated Technology on Verification and Analysis (ATVA'07)},
	Pages = {19--34},
	Publisher = {Springer},
	Series = {Lecture Notes in Computer Science},
	Title = {Branching vs. Linear Time: Semantical Perspective},
	Volume = 4762,
	Year = 2007}

@inproceedings{SVW85,
	Address = {Nafplion},
	Author = {A. P. Sistla and M. Y. Vardi and P. Wolper},
	Booktitle = {Proc. 10th Int. Colloquium on Automata, Languages and Programming},
	Month = {July},
	Pages = {465--474},
	Publisher = {Springer-Verlag},
	Series = {Lecture Notes in Computer Science},
	Title = {The Complementation Problem for {B\"uchi} Automata with Applications to Temporal Logic},
	Volume = 194,
	Year = {1985}}

@article{SVW87,
	Author = {A. P. Sistla and M. Y. Vardi and P. Wolper},
	Journal = {Theoretical Computer Science},
	Pages = {217--237},
	Title = {The Complementation Problem for {B\"uchi} Automata with Applications to Temporal Logic},
	Volume = {49},
	Year = {1987}}

@inproceedings{SWL85,
	Address = {New Orleans},
	Author = {K. Sabnani and P. Wolper and Aleta Lapone},
	Booktitle = {Proc. Globecom '85},
	Month = {December},
	Title = {An Algorithmic Technique for Protocol Verification},
	Year = {1985}}


@inproceedings{BouajjaniEM97,
  author    = {Ahmed Bouajjani and
               Javier Esparza and
               Oded Maler},
  title     = {Reachability Analysis of Pushdown Automata: Application to Model-Checking},
  booktitle = {{CONCUR} '97: Concurrency Theory, 8th International Conference, Warsaw,
               Poland, July 1-4, 1997, Proceedings},
  pages     = {135--150},
  year      = {1997},
  crossref  = {DBLP:conf/concur/1997},
  url       = {https://doi.org/10.1007/3-540-63141-0_10},
  doi       = {10.1007/3-540-63141-0_10},
  timestamp = {Mon, 22 May 2017 17:11:48 +0200},
  biburl    = {http://dblp.org/rec/bib/conf/concur/BouajjaniEM97},
  bibsource = {dblp computer science bibliography, http://dblp.org}
}


@article{Tar55,
	Author = {A. Tarski},
	Journal = {Pacific Journal of Mathematics},
	Number = {2},
	Pages = {285--309},
	Title = {A Lattice-Theoretical Fixpoint Theorem and Its Applications},
	Volume = {5},
	Year = {1955}}

@incollection{TW89,
	Author = {M. Toussaint and P. Wolper},
	Booktitle = {Distributed Computing and Cryptography},
	Editor = {J. Feigenbaum and M. Merritt},
	Pages = {245--262},
	Publisher = {American Mathematical Society},
	Series = {DIMACS Series in Discrete Mathematics and Theoretical Computer Science},
	Title = {Reasoning about Cryptographic Protocols},
	Volume = 2,
	Year = {1989}}

@book{Tha89,
	Author = {A. Thayse and P. Gribomont and G. Hulin and A. Pirotte and D. Roelants and D. Snyers and M. Vauclair and P. Gochet and P. Wolper and E. Gregoire and P/ Delsarte},
	Note = {Writing of Chapter 4 (Temporal Logic) in collaboration with Pascal Gribomont.\\ French Version ``Approche logique de l'intelligence artificielle. 2 De la logique modale \`a la logique des bases de donne'', published by Dunod (1989)},
	Publisher = {Wiley},
	Title = {From Modal Logic to Deductive Databases: Introducing a Logic Based Approach to Artificial Intelligence},
	Year = 1989}

@article{Tho81,
	Author = {W. Thomas},
	Journal = {Information and Control},
	Pages = {261--283},
	Title = {A Combinatorial Approach to the Theory of $\omega$-Automata},
	Volume = {48},
	Year = {1981}}

@inbook{Tho90,
	Author = {W. Thomas},
	Chapter = {Automata on Infinite Objects},
	Editor = {J. v. Leeuwen},
	Pages = {135--191},
	Publisher = {Elsevier},
	Title = {Handbook of Theoretical Computer Science},
	Volume = {B},
	Year = {1990}}

@article{Tra62,
	Author = {B.A. Trakhtenbrot},
	Journal = {Sibirian Mathnatical Journal},
	Number = {2},
	Pages = {102--131},
	Title = {Finite Automata and The Logic of One-Place Predication},
	Volume = {3},
	Year = {1962}}

@inproceedings{Umm06,
	Author = {M. Ummels},
	Booktitle = {Proc. 26th International Conference of Foundations of Software Technology and Theoretical Computer Science (FSTTCS06)},
	Pages = {212--223},
	Publisher = {Springer-Verlag},
	Series = {Lecture Notes in Computer Science},
	Title = {Rational Behaviour and Strategy Construction in Infinite Multiplayer Games.},
	Volume = {4337},
	Year = {2006}}

@inproceedings{Var85,
	Author = {M. Y. Vardi},
	Booktitle = {FOCS},
	Date-Added = {2014-06-30 10:57:01 +0000},
	Date-Modified = {2014-08-01 10:40:39 +0000},
	Pages = {327-338},
	Publisher = {IEEE Computer Society},
	Title = {Automatic Verification of Probabilistic Concurrent Finite-State Programs},
	Year = {1985}}

@inproceedings{Var88,
	Address = {San Diego, California},
	Author = {M.Y. Vardi},
	Booktitle = {Proc. of 15th ACM symposium on Principles of Programming Languages (FOCS'88)},
	Month = {january},
	Pages = {250--259},
	Title = {A Temporal Fixpoint Calculus},
	Year = {1988}}

@article{Var89,
	Author = {M.Y. Vardi},
	Journal = {Information Processing Letters},
	Month = {March},
	Number = {5},
	Pages = {261--264},
	Title = {A Note on the Reduction of Two-way Automata to One-way Automata},
	Volume = {30},
	Year = {1989}}

@inproceedings{Var98a,
	Address = {Aalborg, Denmark},
	Author = {M.Y. Vardi},
	Booktitle = {Proc. 25th International Coll. on Automata, Languages and Programming},
	Month = {july},
	Pages = {628--641},
	Publisher = {Springer-Verlag},
	Series = {Lecture Notes in Computer Science},
	Title = {Reasoning about the Past with Two-way Automata},
	Volume = {1443},
	Year = {1998}}

@inproceedings{Var98b,
	Author = {M. Y. Vardi},
	Booktitle = {Logic in Computer Science},
	Pages = {394-405},
	Publisher = {IEEE Society},
	Title = {Linear vs. Branching Time: A Complexity-Theoretic Perspective},
	Year = {1998}}

@inproceedings{Var01,
	Author = {M. Y. Vardi},
	Booktitle = {TACAS'01},
	Pages = {1-22},
	Publisher = {Springer},
	Series = {Lecture Notes in Computer Science},
	Title = {Branching vs. Linear Time: Final Showdown},
	Volume = {2031},
	Year = {2001}}

@inproceedings{Var07a,
	Author = {M.Y. Vardi},
	Booktitle = {24th International Sysmposium on Theoretical Aspects of Computer Science},
	Date-Modified = {2012-01-12 10:52:38 +0000},
	Pages = {13--23},
	Publisher = {Springer},
	Series = {Lecture Notes in Computer Science},
	Title = {The {B{\"u}chi} Complementation Saga},
	Year = {2007}}

@inproceedings{VW84a,
	Author = {M. Y. Vardi and P. Wolper},
	Booktitle = {Logics of Programs},
	Pages = {501--512},
	Publisher = {Springer-Verlag},
	Series = {Lecture Notes in Computer Science},
	Title = {Yet Another Process Logic},
	Volume = {164},
	Year = {1984}}

@inproceedings{VW84b,
	Author = {Moshe Y. Vardi and Pierre Wolper},
	Booktitle = {Proc. 16th ACM Symposium on Theory of Computing},
	Month = {May},
	Pages = {446--456},
	Title = {Automata-Theoretic Techniques for Modal Logics of Programs},
	Year = {1984}}

@article{VW86a,
	Author = {M. Y. Vardi and P. Wolper},
	Journal = {Journal of Computer and System Science},
	Month = {April},
	Number = {2},
	Pages = {183-221},
	Title = {Automata-Theoretic Techniques for Modal Logics of Programs},
	Volume = {32},
	Year = {1986}}

@inproceedings{VW86b,
	Address = {Cambridge},
	Author = {M. Y. Vardi and P. Wolper},
	Booktitle = {Proceedings of the First Symposium on Logic in Computer Science},
	Month = {June},
	Pages = {322--331},
	Title = {An Automata-Theoretic Approach to Automatic Program Verification},
	Year = {1986}}

@article{VW94,
	Author = {M. Y. Vardi and P. Wolper},
	Journal = {Information and Computation},
	Month = {November},
	Number = {1},
	Pages = {1--37},
	Title = {Reasoning about Infinite Computations},
	Volume = {115},
	Year = {1994}}

@inproceedings{Wal93,
	Author = {I. Walukiewicz},
	Booktitle = {LICS'93},
	Pages = {136--146},
	Title = {On Completeness of the $\mu$-calculus},
	Year = {1993}}

@incollection{Wal95,
	Address = {Los Alamitos, CA},
	Author = {I. Walukiewicz},
	Booktitle = {Proceedings 10th Annual {IEEE} Symp.\ on Logic in Computer Science, {LICS}'95},
	Pages = {14--24},
	Publisher = {IEEE Computer Society Press},
	Title = {Completeness of Kozen's Axiomatization of the Propositional $\mu$-Calculus},
	Year = {1995}}

@article{Wag79,
	Author = {K. Wagner},
	Journal = {Information and Control},
	Pages = {123--177},
	Title = {On $\omega$-Regular Sets},
	Volume = {43},
	Year = {1979}}

@article{Wal00,
	Author = {I. Walukiewicz},
	Journal = {Information and Computation},
	Pages = {142--182},
	Title = {Completeness of {K}ozen's Axiomatization of the Propositional $\mu$-Calculus},
	Volume = {157},
	Year = {2000}}

@inproceedings{WB95,
	Address = {Glasgow},
	Author = {P. Wolper and B. Boigelot},
	Booktitle = {Proc. Static Analysis Symposium},
	Month = {September},
	Pages = {21--32},
	Publisher = {Springer-Verlag},
	Series = {Lecture Notes in Computer Science},
	Title = {An Automata-Theoretic Approach to {Presburger} Arithmetic Constraints},
	Volume = {983},
	Year = {1995}}

@inproceedings{WB98,
	Address = {Vancouver},
	Author = {P. Wolper and B. Boigelot},
	Booktitle = {Proc. 10th Int. Conf. on Computer Aided Verification},
	Month = {July},
	Pages = {88--97},
	Publisher = {Springer-Verlag},
	Series = {Lecture Notes in Computer Science},
	Title = {Verifying Systems with Infinite but Regular State Spaces},
	Volume = {1427},
	Year = {1998}}

@inproceedings{WB00,
	Address = {Berlin},
	Author = {P. Wolper and B. Boigelot},
	Booktitle = {Proc. 6th International Conference on Tools and Algorithms for the Construction and Analysis of Systems},
	Month = {March},
	Pages = {1--19},
	Publisher = {Springer-Verlag},
	Series = {Lecture Notes in Computer Science},
	Title = {On the Construction of Automata from Linear Arithmetic Constraints},
	Volume = {1785},
	Year = {2000}}

@inproceedings{WG93,
	Address = {Hildesheim},
	Author = {P. Wolper and P. Godefroid},
	Booktitle = {Proc. CONCUR '93},
	Month = {August},
	Pages = {233--246},
	Publisher = {Springer-Verlag},
	Series = {Lecture Notes in Computer Science},
	Title = {Partial-Order Methods for Temporal Verification},
	Volume = 715,
	Year = 1993}

@article{Wil00,
	Author = {T. Wilke},
	Journal = {Bull, Belg, Math, Soc},
	Number = {2},
	Pages = {359--391},
	Title = {Alternating Tree Automata, Parity Games, and Modal $\mu$-Calculus},
	Volume = {8},
	Year = 2002}

@inproceedings{WL93,
	Address = {Elounda, Crete},
	Author = {P. Wolper and D. Leroy},
	Booktitle = {Computer Aided Verification, Proc. 5th Int. Workshop},
	Month = {June},
	Pages = {59-70},
	Publisher = {Springer-Verlag},
	Series = {Lecture Notes in Computer Science},
	Title = {Reliable Hashing Without Collision Detection},
	Volume = 697,
	Year = {1993}}

@inproceedings{WL89,
	Address = {Grenoble},
	Author = {P. Wolper and V. Lovinfosse},
	Booktitle = {Automatic Verification Methods for Finite State Systems, Proc. Int. Workshop, Grenoble},
	Month = {June},
	Pages = {68--80},
	Publisher = {Springer-Verlag},
	Series = {Lecture Notes in Computer Science},
	Title = {Verifying Properties of Large Sets of Processes with Network Invariants},
	Volume = 407,
	Year = {1989}}

@article{WLL+13,
	Author = {R. Wang and W. Liu and T. Li and X. Mao and J. Wang},
	Journal = {Journal of Applied Mathematics},
	Pages = {1--12},
	Title = {Bounded Model Checking of {ETL} Cooperating with Finite and Looping Automata Connectives},
	Volume = {2013},
	Year = {2013}}

@inproceedings{WLML13,
	Author = {R. Wang and W. Liu and X. Mao and T. Li},
	Booktitle = {ICCSEE'13},
	Publisher = {IEEE Soc},
	Title = {Incremental semantic Bounded Model Checking {LTL}},
	Year = {2013}}

@article{WMDXL09,
	Author = {J. Wang and X. Ma and W. Dong and H. Xu and W. Liu},
	Journal = {Journal of Computer Science and Technology},
	Number = {2},
	Pages = {347--356},
	Title = {Demand-Driven Memory Leak Detection Based on Flow-and Context-Sensitive Pointer Analysis},
	Volume = {24},
	Year = {2009}}

@inproceedings{Wol81,
	Address = {Nashville},
	Author = {P. Wolper},
	Booktitle = {Proceedings of the 22nd IEEE Symposium on Foundations of Computer Science},
	Month = {October},
	Pages = {340-348},
	Title = {Temporal Logic Can Be More Expressive},
	Year = {1981}}

@inproceedings{Wol82,
	Address = {Albuquerque},
	Author = {P. Wolper},
	Booktitle = {Proc. 9th Symposium on Principles of Programming Languageseedings},
	Month = {January},
	Pages = {20--33},
	Title = {Specification and Synthesis of Communicating Processes Using an Extended Temporal Logic},
	Year = {1982}}

@article{Wol83,
	Author = {P. Wolper},
	Journal = {Information and Control},
	Number = {1--2},
	Pages = {72--99},
	Title = {Temporal Logic Can Be More Expressive},
	Volume = 56,
	Year = 1983}

@article{Wol85,
	Author = {P. Wolper},
	Journal = {Logique et Analyse},
	Number = {110--111},
	Pages = {119--136},
	Title = {The Tableau Method for Temporal Logic: An Overview},
	Year = 1985}

@inproceedings{Wol86,
	Address = {St. Petersburgh},
	Author = {P. Wolper},
	Booktitle = {Proc. 13th ACM Symp. on Principles of Programming Languages},
	Month = {January},
	Pages = {184-192},
	Title = {Expressing Interesting Properties of Programs in Propositional Temporal Logic},
	Year = {1986}}

@inproceedings{Wol89,
	Author = {P. Wolper},
	Booktitle = {Proc. Temporal Logic in Specification},
	Editor = {B. Banieqbal and H. Barringer and A. Pnueli},
	Pages = {75--123},
	Publisher = {Springer-Verlag},
	Series = {Lecture Notes in Computer Science},
	Title = {On the Relation of Programs and Computations to Models of Temporal Logic},
	Volume = 398,
	Year = {1989}}

@incollection{Wol95,
	Author = {P. Wolper},
	Booktitle = {Time and Logic, a computational approach},
	Chapter = {3},
	Editor = {Leonard Bolc and Andrzej Sza{\l}as},
	Pages = {131--178},
	Publisher = {UCL Press Limited},
	Title = {On the Relation of Programs and Computations to Models of Temporal Logic},
	Year = {1995}}

@article{Wol96,
	Author = {P. Wolper},
	Journal = {ACM Computing Surveys},
	Month = {Dec},
	Note = {(Electronic Supplement to Computing Surveys)},
	Number = {4es},
	Pages = {58},
	Title = {Where is the Algorithmic Support?},
	Volume = 28,
	Year = 1996}

@article{Wol96b,
	Author = {P. Wolper},
	Journal = {ACM Computing Surveys},
	Month = {Dec},
	Note = {(Electronic Supplement to Computing Surveys)},
	Number = {4es},
	Pages = {127},
	Title = {The Meaning of ``Formal''},
	Volume = 28,
	Year = 1996}

@article{Wol97,
	Author = {P. Wolper},
	Journal = {International Journal on Software Tools for Technology Transfer},
	Number = {1-2},
	Pages = {6--8},
	Publisher = {Springer},
	Title = {The Meaning of Formal: From Weak to Strong Formal Methods},
	Volume = 1,
	Year = 1997}

@incollection{Wol00,
	Author = {P. Wolper},
	Booktitle = {Constraint Databases},
	Chapter = 13,
	Editor = {Gabi Kuper and Leonid Libkin and Jan Paredaens},
	Pages = {305--314},
	Publisher = {Springer-Verlag},
	Title = {Linear Repeating Points},
	Year = {2000}}

@inproceedings{Wol01b,
	Author = {P. Wolper},
	Booktitle = {Lectures on Formal Methods in Performance Analysis (First EEF/Euro Summer School on Trends in Computer Science)},
	Month = {July},
	Pages = {261--277},
	Publisher = {Springer-Verlag},
	Series = {Lecture Notes in Computer Science},
	Title = {Constructing Automata from Temporal Logic Formulas: A Tutorial},
	Volume = {2090},
	Year = {2001}}

@inproceedings{Wol01c,
	Address = {Cividale del Friuli},
	Author = {P. Wolper},
	Booktitle = {Proc. Eighth International Symposium on Temporal Representation and Reasoning},
	Month = {June},
	Pages = {179},
	Publisher = {IEEE Computer Society},
	Title = {Representing Periodic Temporal Information with Automata},
	Year = {2001}}

@inproceedings{Wu07,
	Address = {Macau, China},
	Author = {Z. Wu},
	Booktitle = {Proc. 4th International Colloquium on Theoretical Aspects of Computing (ICTAC'07)},
	Month = {September},
	Pages = {337--341},
	Publisher = {Springer-Verlag},
	Series = {Lecture Notes in Computer Science},
	Title = {On the Expressive Power of QLTL},
	Volume = {4711},
	Year = {2007}}

@inproceedings{WVS83,
	Address = {Tucson},
	Author = {P. Wolper and M. Y. Vardi and A. P. Sistla},
	Booktitle = {Proc. 24th IEEE Symposium on Foundations of Computer Science},
	Pages = {185-194},
	Title = {Reasoning about Infinite Computation Paths},
	Year = {1983}}

@inproceedings{WW96,
	Address = {New Brunswick},
	Author = {B. Willems and P. Wolper},
	Booktitle = {Proc. 11th Symp. on Logic in Computer Science},
	Month = {July},
	Pages = {294--303},
	Title = {Partial-Order Methods for Model Checking: From Linear Time to Branching Time},
	Year = 1996}

@inproceedings{Yan06,
	Author = {Q. Yan},
	Booktitle = {ICALP'06},
	Pages = {589--600},
	Publisher = {Springer-Verlag},
	Series = {LNCS},
	Title = {Lower Bounds for Complementation of $\omega$-Automata via the Full Automata Technique},
	Volume = {4052},
	Year = {2006}}

@article{Yan08,
	Author = {Q. Yan},
	Journal = {Journal of Logical Methods in Computer Science},
	Number = {1:5},
	Title = {Lower Bounds for Complementation of $\omega$-Automata via the Full Automata Technique},
	Volume = {4},
	Year = {2008}}

@inproceedings{Zha07a,
	Author = {W. Zhang},
	Booktitle = {ICFEM'07},
	Pages = {191--211},
	Publisher = {Springer-Verlag},
	Series = {Lecture Notes in Computer Science},
	Title = {Model Checking with {SAT}-based Characterization of {ACTL} formulas},
	Year = {2007}}

@article{MM07,
  title={Results on the quantitative $\mu$-calculus qM$\mu$},
  author={ A. McIver and C. Morgan},
  journal={{TOCL}},
  volume={8},
  number={1},
  pages={3},
  year={2007},
  publisher={ACM}
}

@inproceedings{HK97,
	Author = {M. Huth and M. Z. Kwiatkowska},
	Booktitle = {{LICS}},
	Pages = {111--122},
	Publisher = {{IEEE} Computer Society},
	Title = {Quantitative Analysis and Model Checking},
	Year = {1997}}

@inproceedings{Zha07b,
	Author = {W. Zhang},
	Booktitle = {EUROCAST'07},
	Pages = {556--563},
	Title = {Verification of {ACTL} Properties by Bounded Model Checking},
	Year = {2007}}

@article{Zie98,
	Author = {W. Zielonka},
	Journal = {Theoretical Computer Science},
	Pages = {135--183},
	Title = {Infinite Games on Finitely Coloured Graphs with Applications to Automata on Infinite Trees},
	Volume = {200},
	Year = {1998}}

@article{ZP96,
	Author = {U. Zwick and M. Paterson},
	Journal = {Theoretical Computer Science},
	Pages = {343--359},
	Title = {The complexity of mean payoff games on graphs},
	Volume = {158},
	Year = {1996}}


@inproceedings{Bel14,
  author    = {F. Belardinelli},
  title     = {Satisfiability of Alternating-Time Temporal Epistemic Logic Through
               Tableaux},
  booktitle = {KR'14},
  year      = {2014}
}

@inproceedings{Dri03,
  author    = {G. van Drimmelen},
  title     = {Satisfiability in Alternating-time Temporal Logic},
  booktitle = {LICS'03},
  pages     = {208--217},
  year      = {2003},
  doi       = {10.1109/LICS.2003.1210060}
}
@article{WWW06,
  author    = {D. Walther and
               C. Lutz and
               F. Wolter and
               M. Wooldridge},
  title     = {{ATL} Satisfiability is Indeed {EXPTIME}-complete},
  journal   = {Journal of Logic and Computation},
  volume    = {16},
  number    = {6},
  pages     = {765--787},
  year      = {2006},
  doi       = {10.1093/logcom/exl009}
}
@inproceedings{PV04,
  author    = {Nir Piterman and
               Moshe Y. Vardi},
  title     = {Global Model-Checking of Infinite-State Systems},
  booktitle = CAV04,
  doi       = {10.1007/978-3-540-27813-9_30},
  year      = {2004},
  pages     = {387--400}
}
@article{MM65,
  author    = {J.W. Moon and
               L. Moser},
  title     = {On cliques in graphs},
  journal   =  {Israel Journal of Mathematics},
  volume    = {3},
  number    = {1},
  pages     = {23--28},
  year      = {1965},
  doi       = {10.1007/BF02760024}
}
@inproceedings{GH82,
  author    = {Yuri Gurevich and
               Leo Harrington},
  title     = {Trees, Automata, and Games},
  booktitle = STOC82,
  pages     = {60--65},
  year      = {1982},
  doi       = {10.1145/800070.802177}
}
@article{SE89,
  author    = {R. S. Streett and
               E. A. Emerson},
  title     = {An Automata Theoretic Decision Procedure for the Propositional Mu-Calculus},
  journal   =  {Information and Computation},
  volume    = {81},
  number    = {3},
  pages     = {249--264},
  year      = {1989},
  doi       = {10.1016/0890-5401(89)90031-X}
}
@article{KV01,
  author    = {Orna Kupferman and
               Moshe Y. Vardi},
  title     = {Weak alternating automata are not that weak},
  journal   = ACMTCL,
  volume    = {2},
  number    = {3},
  pages     = {408--429},
  year      = {2001},
  doi       = {10.1145/377978.377993}
}

@article{Pit07,
  author    = {Nir Piterman},
  title     = {From Nondeterministic {B}{\"{u}}chi and Streett Automata to Deterministic
               Parity Automata},
  journal   = {Logical Methods in Computer Science},
  volume    = {3},
  number    = {3},
  year      = {2007},
  doi       = {10.2168/LMCS-3(3:5)2007}
}

@inproceedings{Var95,
  author    = {Moshe Y. Vardi},
  title     = {An Automata-Theoretic Approach to Linear Temporal Logic},
  booktitle = {Proceedings of the Workshop on Logics for Concurrency - Structure versus Automata (8th Banff Higher
               Order)},
  pages     = {238--266},
  year      = {1995},
  doi       = {10.1007/3-540-60915-6_6}
}

@inproceedings{CHP07a,
  author    = {K. Chatterjee and
               T. A. Henzinger and
               N. Piterman},
  title     = {Generalized Parity Games},
  booktitle = {FOSSACS'07},
  pages     = {153--167},
  doi       = {10.1007/978-3-540-71389-0_12},
  year      = {2007}
}

@inproceedings{MMPV12,
  author    = {Fabio Mogavero and
               Aniello Murano and
               Giuseppe Perelli and
               Moshe Y. Vardi},
  title     = {What Makes {ATL}* Decidable? {A} Decidable Fragment of Strategy Logic},
  booktitle = CONCUR12,
  doi       = {10.1007/978-3-642-32940-1_15},
  pages     = {193--208},
  year      = {2012}
}


@inproceedings{GH82,
  author    = {Yuri Gurevich and
               Leo Harrington},
  title     = {Trees, Automata, and Games},
  booktitle = STOC82,
  pages     = {60--65},
  doi       = {10.1145/800070.802177},
  year      = {1982}
}


@article{CFKPS13,
  author    = {Taolue Chen and
               Vojtech Forejt and
               Marta Z. Kwiatkowska and
               David Parker and
               Aistis Simaitis},
  title     = {Automatic verification of competitive stochastic systems},
  journal   = {Formal Methods in System Design},
  volume    = {43},
  number    = {1},
  pages     = {61--92},
  year      = {2013},
  doi       = {10.1007/s10703-013-0183-7}
}

@article{AHK02,
  author    = {R. Alur and
               T. A. Henzinger and
               O. Kupferman},
  title     = {Alternating-time temporal logic},
  journal   = JACM,
  volume    = {49},
  number    = {5},
  pages     = {672--713},
  year      = {2002},
  doi       = {10.1145/585265.585270}
}

@inproceedings{HkW02,
  author    = {Wiebe van der Hoek and
               Michael Wooldridge},
  title     = {Tractable multiagent planning for epistemic goals},
  booktitle = AAMAS02,
  pages     = {1167--1174},
  year      = {2002}
}

@inproceedings{AHMQRT98,
  author    = {Rajeev Alur and
               Thomas A. Henzinger and
               Freddy Y. C. Mang and
               Shaz Qadeer and
               Sriram K. Rajamani and
               Serdar Tasiran},
  title     = {{MOCHA:} Modularity in Model Checking},
  booktitle = CAV98,
  pages     = {521--525},
  year      = {1998}
}
@article{WBYH16,
  author= {Wei Wan and Jamal Bentahar and Hamdi Yahyaoui and Abdessamad Ben Hamza},
   title=  {Verifying concurrent probabilistic systems using probabilistic-epistemic logic specifications},
   journal={Applied Intelligence},
   year={2016},
    pages={1--30}
}



@inproceedings{AHK97,
  author    = {Rajeev Alur and
               Thomas A. Henzinger and
               Orna Kupferman},
  title     = {Alternating-time Temporal Logic},
  booktitle = FOCS97,
  pages     = {100--109},
  year      = {1997}
}

@article{Wil01,
	Author = {Thomas Wilke},
	Journal = BBMS,
	Number = {2},
	Pages = {359--391},
	Title = {Alternating Tree Automata, Parity Games, and Modal $\mu$-Calculus},
	Volume = {8},
	Year = 2001
}

@article{Jur98,
	Author = {M. Jurdzi\'{n}ski},
	Journal = IPL,
	Number = {3},
	Pages = {119--124},
	Title = {Deciding the winner in parity games is in $\mathbf{UP}\cap$co-$\mathbf{UP}$},
	Volume = {68},
	Year = {1998}}





@inproceedings{CFKPS13b,
  author    = {Taolue Chen and
               Vojtech Forejt and
               Marta Z. Kwiatkowska and
               David Parker and
               Aistis Simaitis},
  title     = {PRISM-games: {A} Model Checker for Stochastic Multi-Player Games},
  booktitle = TACAS13,
  pages     = {185--191},
  year      = {2013}
}

@inproceedings{CFKPS12,
  author    = {Taolue Chen and
               Vojtech Forejt and
               Marta Z. Kwiatkowska and
               David Parker and
               Aistis Simaitis},
  title     = {Automatic Verification of Competitive Stochastic Systems},
  booktitle =TACAS12,
  pages     = {315--330},
  year      = {2012}
}

@inproceedings{CL07a,
  author    = {T. Chen and
               J. Lu},
  title     = {Probabilistic Alternating-time Temporal Logic and Model Checking Algorithm},
  booktitle = {FSKD'07},
  pages     = {35--39},
  year      = {2007}
}
@inproceedings{E86,
  author    = {E. Allen Emerson and
               Chin{-}Laung Lei},
  title     = {Efficient Model Checking in Fragments of the Propositional Mu-Calculus
               (Extended Abstract)},
  booktitle = LICS86,
  pages     = {267--278},
  year      = {1986}
}

@inproceedings{Sch10,
  author    = {H. Schnoor},
  title     = {Strategic planning for probabilistic games with incomplete information},
  booktitle = {AAMAS'10},
  pages     = {1057--1064},
  year      = {2010}
}

@article{BB05,
  author    = {Mustapha Bourahla and
               Mohamed Benmohamed},
  title     = {Model Checking Multi-Agent Systems},
  journal   = {Informatica (Slovenia)},
  volume    = {29},
  number    = {2},
  pages     = {189--198},
  year      = {2005}
}
@inproceedings{BJ11,
  author    = {Nils Bulling and
               Wojciech Jamroga},
  title     = {Alternating Epistemic Mu-Calculus},
  booktitle = IJCAI11,
  year      = {2011}
}
@inproceedings{GMRS16,
  author    = {Giuseppe De Giacomo and Aniello Murano and Sasha Rubin and Antonio Di Stasio},
  title     = {Imperfect information games and generalized planning},
  booktitle = IJCAI16,
  year      = {2016}
}


@inproceedings{JM15,
  author    = {Wojciech Jamroga and
               Aniello Murano},
  title     = {Module Checking of Strategic Ability},
  booktitle = AAMAS15,
  year      = {2015}
}




@inproceedings{MMV10,
  author    = {Fabio Mogavero and
               Aniello Murano and
               Moshe Y. Vardi},
  title     = {Reasoning About Strategies},
  booktitle = FSTTCS10,
  pages     = {133--144},
  year      = {2010}
}



@inproceedings{MP15,
  author    = {Aniello Murano and
               Giuseppe Perelli},
  title     = {Pushdown Multi-Agent System Verification},
  booktitle = IJCAI15,
  pages = {1090--1097},
  year      = {2015}
}


@inproceedings{CSW16a,
  author    = {Taolue Chen and
               Fu Song and
               Zhilin Wu},
  title     = {Global Model Checking on Pushdown Multi-Agent Systems},
  booktitle = AAAI16,
  pages     = {2459--2465},
  year      = {2016}
}

@inproceedings{CSW16b,
  author    = {Taolue Chen and
               Fu Song and
               Zhilin Wu},
  title     = {Verifying Pushdown Multi-Agent Systems against Strategy Logics},
  booktitle = IJCAI16,
  year      = {2016}
}


@inproceedings{JM15,
  author    = {Wojciech Jamroga and
               Aniello Murano},
  title     = {Module Checking of Strategic Ability},
  booktitle = AAMAS15,
  pages     = {227--235},
  year      = {2015}
}
@inproceedings{LSWZ15,
  author = {W. Liu and L. Song and J. Wang and L. Zhang},
  title = {A Simple Probabilistic Extension of  Modal Mu-calculus},
  booktitle = {IJCAI'15},
  year = {2015},
  pages = {882-888}
}

@article{WBH13,
  author    = {Wei Wan and
               Jamal Bentahar and
               Abdessamad Ben Hamza},
  title     = {Model checking epistemic-probabilistic logic using probabilistic interpreted systems},
  journal   = {KBS},
  volume    = {50},
  pages     = {279--295},
  year      = {2013}
}
@inproceedings{HSZ12,
  author    = {X. Huang and
               K. Su and
               C. Zhang},
  title     = {Probabilistic Alternating-Time Temporal Logic of Incomplete Information and Synchronous Perfect Recall},
  booktitle = {AAAI'12},
  year      = {2012}
}

@article{Jur98,
  author    = {Marcin Jurdzinski},
  title     = {Deciding the Winner in Parity Games is in {UP} {\textbackslash}cap
               co-Up},
  journal   = {Information Processing Letters},
  volume    = {68},
  number    = {3},
  pages     = {119--124},
  year      = {1998},
  doi       = {10.1016/S0020-0190(98)00150-1}
}

@inproceedings{CJH04,
  author    = {K. Chatterjee and
               M. Jurdzinski and
               T. A. Henzinger},
  title     = {Quantitative stochastic parity games},
  booktitle = {SODA'14},
  pages     = {121--130},
  year      = {2004}
}
@PHDTHESIS{Dax06,
  author =       {Christian Dax},
  title =        {Games for the Linear Time $\mu$-Calculus},
  school =       {Ludwig-Maximilians-University Munich},
  year =         {2006}
}

@inproceedings{CKP15,
  author    = {Pablo F. Castro and
               Cecilia Kilmurray and
               Nir Piterman},
  title     = {Tractable Probabilistic mu-Calculus That Expresses Probabilistic Temporal
               Logics},
  booktitle = STACS15,
  pages     = {211--223},
  year      = {2015}
}

@article{CH12,
  author    = {K. Chatterjee and
               T. A. Henzinger},
  title     = {A survey of stochastic {\(\omega\)}-regular games},
  journal   = JCSS,
  volume    = {78},
  number    = {2},
  pages     = {394--413},
  year      = {2012}
}

@inproceedings{CH05,
  author    = {K Chatterjee and
               L. de Alfaro and
               T. A. Henzinger},
  title     = {The Complexity of Stochastic Rabin and Streett Games'},
  booktitle = {ICALP'05},
  pages     = {878--890},
  year      = {2005}
}
@article{AM04,
  author    = {L. de Alfaro and
               R. Majumdar},
  title     = {Quantitative solution of omega-regular games},
  journal   = JCSS,
  volume    = {68},
  number    = {2},
  pages     = {374--397},
  year      = {2004}
}


@inproceedings{CHH09,
  author    = {K. Chatterjee and
               T. A. Henzinger and
               F Horn},
  title     = {Stochastic Games with Finitary Objectives},
  booktitle = {MFCS'09},
  pages     = {34--54},
  year      = {2009}}

@article{CH13,
  author    = {K. Chatterjee and
               L. Doyen and
               Thomas A. Henzinger},
  title     = {A survey of partial-observation stochastic parity games},
  journal   = FMSD,
  volume    = {43},
  number    = {2},
  pages     = {268--284},
  year      = {2013}
}

@inproceedings{lomuscio2006model,
  title={Model checking knowledge, strategies, and games in multi-agent systems},
  author={Lomuscio, Alessio and Raimondi, Franco},
  booktitle={Proceedings of the fifth international joint conference on Autonomous agents and multiagent systems},
  pages={161--168},
  year={2006},
  organization={ACM}
}
